[
  {
    "timestamp": 1771864094,
    "market_id": "0x4ee2c6081e18cc0d1f3347f6219940bda986657f1d150d17de0677ffc2104de0",
    "market_label": "Will Ethereum reach $7,000 by December 31, 2026?",
    "wallet": "0xdec94339423570a0a24c9860d7ef77e1a0c8edee",
    "size_usd": 107.526871,
    "size": 107.526871,
    "outcome": "Yes",
    "side": "Yes",
    "price": 0.929999999721
  },
  {
    "timestamp": 1771864060,
    "market_id": "0x4ee2c6081e18cc0d1f3347f6219940bda986657f1d150d17de0677ffc2104de0",
    "market_label": "Will Ethereum reach $7,000 by December 31, 2026?",
    "wallet": "0xdec94339423570a0a24c9860d7ef77e1a0c8edee",
    "size_usd": 107.526871,
    "size": 107.526871,
    "outcome": "Yes",
    "side": "Yes",
    "price": 0.929999999721
  },
  {
    "timestamp": 1771841396,
    "market_id": "0x4ee2c6081e18cc0d1f3347f6219940bda986657f1d150d17de0677ffc2104de0",
    "market_label": "Will Ethereum reach $7,000 by December 31, 2026?",
    "wallet": "0xdec94339423570a0a24c9860d7ef77e1a0c8edee",
    "size_usd": 107.526871,
    "size": 107.526871,
    "outcome": "Yes",
    "side": "Yes",
    "price": 0.929999999721
  },
  {
    "timestamp": 1771841364,
    "market_id": "0x4ee2c6081e18cc0d1f3347f6219940bda986657f1d150d17de0677ffc2104de0",
    "market_label": "Will Ethereum reach $7,000 by December 31, 2026?",
    "wallet": "0xdec94339423570a0a24c9860d7ef77e1a0c8edee",
    "size_usd": 107.526871,
    "size": 107.526871,
    "outcome": "Yes",
    "side": "Yes",
    "price": 0.929999999721
  },
  {
    "timestamp": 1771841088,
    "market_id": "0x4ee2c6081e18cc0d1f3347f6219940bda986657f1d150d17de0677ffc2104de0",
    "market_label": "Will Ethereum reach $7,000 by December 31, 2026?",
    "wallet": "0xdec94339423570a0a24c9860d7ef77e1a0c8edee",
    "size_usd": 107.526871,
    "size": 107.526871,
    "outcome": "Yes",
    "side": "Yes",
    "price": 0.929999999721
  },
  {
    "timestamp": 1771785582,
    "market_id": "0x4ee2c6081e18cc0d1f3347f6219940bda986657f1d150d17de0677ffc2104de0",
    "market_label": "Will Ethereum reach $7,000 by December 31, 2026?",
    "wallet": "0xdec94339423570a0a24c9860d7ef77e1a0c8edee",
    "size_usd": 322.623642,
    "size": 322.623642,
    "outcome": "Yes",
    "side": "Yes",
    "price": 0.9298760163398069
  },
  {
    "timestamp": 1771548608,
    "market_id": "0x4ee2c6081e18cc0d1f3347f6219940bda986657f1d150d17de0677ffc2104de0",
    "market_label": "Will Ethereum reach $7,000 by December 31, 2026?",
    "wallet": "0x87fa53673832074b74dc347688936e401e3a7464",
    "size_usd": 200.61,
    "size": 200.61,
    "outcome": "Yes",
    "side": "Yes",
    "price": 0.92
  },
  {
    "timestamp": 1771518136,
    "market_id": "0x4ee2c6081e18cc0d1f3347f6219940bda986657f1d150d17de0677ffc2104de0",
    "market_label": "Will Ethereum reach $7,000 by December 31, 2026?",
    "wallet": "0x00b21022c1bfc33f85d95f8eb2c2a1b9af036cb7",
    "size_usd": 50.0,
    "size": 50.0,
    "outcome": "Yes",
    "side": "Yes",
    "price": 0.92
  },
  {
    "timestamp": 1772472051,
    "market_id": "0x1aa7fbd8467864029bbedcbd730a532374dcad41d0b1f2de49b7d4c9cc3bf0d9",
    "market_label": "Spread: FK Akron Tolyatti (-1.5)",
    "wallet": "0xe0cb04600db90b3efde092190d000ba70612937c",
    "size_usd": 51.2,
    "size": 51.2,
    "outcome": "Yes",
    "side": "Yes",
    "price": 0.92
  },
  {
    "timestamp": 1772654783,
    "market_id": "0x1271f353b2dc88fe514ae7c267d749a37343181476be4699283f3fa14e5d95f6",
    "market_label": "Will the price of Bitcoin be above $66,000 on March 10?",
    "wallet": "0xe08b0c96a5e2e7e24358ae657642d7f068d56e94",
    "size_usd": 375.0,
    "size": 375.0,
    "outcome": "Yes",
    "side": "Yes",
    "price": 0.08
  },
  {
    "timestamp": 1772651745,
    "market_id": "0x1271f353b2dc88fe514ae7c267d749a37343181476be4699283f3fa14e5d95f6",
    "market_label": "Will the price of Bitcoin be above $66,000 on March 10?",
    "wallet": "0xe54024b23d5997d96cc7cd2d91fb0680eef90e01",
    "size_usd": 1371.42857,
    "size": 1371.42857,
    "outcome": "Yes",
    "side": "Yes",
    "price": 0.06999999934375
  },
  {
    "timestamp": 1772650993,
    "market_id": "0x1271f353b2dc88fe514ae7c267d749a37343181476be4699283f3fa14e5d95f6",
    "market_label": "Will the price of Bitcoin be above $66,000 on March 10?",
    "wallet": "0xde17f7144fbd0eddb2679132c10ff5e74b120988",
    "size_usd": 100.0,
    "size": 100.0,
    "outcome": "Yes",
    "side": "Yes",
    "price": 0.93
  },
  {
    "timestamp": 1772650883,
    "market_id": "0x1271f353b2dc88fe514ae7c267d749a37343181476be4699283f3fa14e5d95f6",
    "market_label": "Will the price of Bitcoin be above $66,000 on March 10?",
    "wallet": "0xde17f7144fbd0eddb2679132c10ff5e74b120988",
    "size_usd": 798.0,
    "size": 798.0,
    "outcome": "Yes",
    "side": "Yes",
    "price": 0.93
  },
  {
    "timestamp": 1772649097,
    "market_id": "0x1271f353b2dc88fe514ae7c267d749a37343181476be4699283f3fa14e5d95f6",
    "market_label": "Will the price of Bitcoin be above $66,000 on March 10?",
    "wallet": "0x9167f513936c0aa6604f9361eacf3d0cec435338",
    "size_usd": 2000.0,
    "size": 2000.0,
    "outcome": "Yes",
    "side": "Yes",
    "price": 0.08
  },
  {
    "timestamp": 1772643793,
    "market_id": "0x1271f353b2dc88fe514ae7c267d749a37343181476be4699283f3fa14e5d95f6",
    "market_label": "Will the price of Bitcoin be above $66,000 on March 10?",
    "wallet": "0xde17f7144fbd0eddb2679132c10ff5e74b120988",
    "size_usd": 215.0,
    "size": 215.0,
    "outcome": "Yes",
    "side": "Yes",
    "price": 0.93
  },
  {
    "timestamp": 1772639649,
    "market_id": "0x1271f353b2dc88fe514ae7c267d749a37343181476be4699283f3fa14e5d95f6",
    "market_label": "Will the price of Bitcoin be above $66,000 on March 10?",
    "wallet": "0xde17f7144fbd0eddb2679132c10ff5e74b120988",
    "size_usd": 2700.0,
    "size": 2700.0,
    "outcome": "Yes",
    "side": "Yes",
    "price": 0.92
  },
  {
    "timestamp": 1772638269,
    "market_id": "0x1271f353b2dc88fe514ae7c267d749a37343181476be4699283f3fa14e5d95f6",
    "market_label": "Will the price of Bitcoin be above $66,000 on March 10?",
    "wallet": "0xde17f7144fbd0eddb2679132c10ff5e74b120988",
    "size_usd": 200.0,
    "size": 200.0,
    "outcome": "Yes",
    "side": "Yes",
    "price": 0.92
  },
  {
    "timestamp": 1772637995,
    "market_id": "0x1271f353b2dc88fe514ae7c267d749a37343181476be4699283f3fa14e5d95f6",
    "market_label": "Will the price of Bitcoin be above $66,000 on March 10?",
    "wallet": "0xde17f7144fbd0eddb2679132c10ff5e74b120988",
    "size_usd": 109.0,
    "size": 109.0,
    "outcome": "Yes",
    "side": "Yes",
    "price": 0.91
  },
  {
    "timestamp": 1772630803,
    "market_id": "0x1271f353b2dc88fe514ae7c267d749a37343181476be4699283f3fa14e5d95f6",
    "market_label": "Will the price of Bitcoin be above $66,000 on March 10?",
    "wallet": "0xde17f7144fbd0eddb2679132c10ff5e74b120988",
    "size_usd": 100.0,
    "size": 100.0,
    "outcome": "Yes",
    "side": "Yes",
    "price": 0.85
  },
  {
    "timestamp": 1772630765,
    "market_id": "0x1271f353b2dc88fe514ae7c267d749a37343181476be4699283f3fa14e5d95f6",
    "market_label": "Will the price of Bitcoin be above $66,000 on March 10?",
    "wallet": "0xde17f7144fbd0eddb2679132c10ff5e74b120988",
    "size_usd": 200.0,
    "size": 200.0,
    "outcome": "Yes",
    "side": "Yes",
    "price": 0.85
  },
  {
    "timestamp": 1772626839,
    "market_id": "0x1271f353b2dc88fe514ae7c267d749a37343181476be4699283f3fa14e5d95f6",
    "market_label": "Will the price of Bitcoin be above $66,000 on March 10?",
    "wallet": "0xeccf1ecfcf3ffe049d48f60b4697ca91e8256603",
    "size_usd": 833.333332,
    "size": 833.333332,
    "outcome": "Yes",
    "side": "Yes",
    "price": 0.179999999088
  },
  {
    "timestamp": 1772618541,
    "market_id": "0x1271f353b2dc88fe514ae7c267d749a37343181476be4699283f3fa14e5d95f6",
    "market_label": "Will the price of Bitcoin be above $66,000 on March 10?",
    "wallet": "0xc229b43950cbd99d25cee1b1a934d314326edbea",
    "size_usd": 666.666665,
    "size": 666.666665,
    "outcome": "Yes",
    "side": "Yes",
    "price": 0.14999999887499998
  },
  {
    "timestamp": 1772613973,
    "market_id": "0x1271f353b2dc88fe514ae7c267d749a37343181476be4699283f3fa14e5d95f6",
    "market_label": "Will the price of Bitcoin be above $66,000 on March 10?",
    "wallet": "0xde17f7144fbd0eddb2679132c10ff5e74b120988",
    "size_usd": 100.0,
    "size": 100.0,
    "outcome": "Yes",
    "side": "Yes",
    "price": 0.79
  },
  {
    "timestamp": 1772610001,
    "market_id": "0x1271f353b2dc88fe514ae7c267d749a37343181476be4699283f3fa14e5d95f6",
    "market_label": "Will the price of Bitcoin be above $66,000 on March 10?",
    "wallet": "0x3c960b2ac0e00841769ef7ad3c5a26b1c13c458a",
    "size_usd": 202.7027,
    "size": 202.7027,
    "outcome": "Yes",
    "side": "Yes",
    "price": 0.74
  },
  {
    "timestamp": 1772692151,
    "market_id": "0x0f49db97f71c68b1e42a6d16e3de93d85dbf7d4148e3f018eb79e88554be9f75",
    "market_label": "Will Gavin Newsom win the 2028 Democratic presidential nomination?",
    "wallet": "0xeb00d2472d30a0406820ff7bd0d73992051b1cc7",
    "size_usd": 90.0,
    "size": 90.0,
    "outcome": "Yes",
    "side": "Yes",
    "price": 0.248
  },
  {
    "timestamp": 1772692151,
    "market_id": "0x0f49db97f71c68b1e42a6d16e3de93d85dbf7d4148e3f018eb79e88554be9f75",
    "market_label": "Will Gavin Newsom win the 2028 Democratic presidential nomination?",
    "wallet": "0xeb00d2472d30a0406820ff7bd0d73992051b1cc7",
    "size_usd": 90.0,
    "size": 90.0,
    "outcome": "Yes",
    "side": "Yes",
    "price": 0.753
  },
  {
    "timestamp": 1772692151,
    "market_id": "0x0f49db97f71c68b1e42a6d16e3de93d85dbf7d4148e3f018eb79e88554be9f75",
    "market_label": "Will Gavin Newsom win the 2028 Democratic presidential nomination?",
    "wallet": "0x8b7733abd814d9baf129bd65a68a6360b3d61a16",
    "size_usd": 50.0,
    "size": 50.0,
    "outcome": "Yes",
    "side": "Yes",
    "price": 0.753
  },
  {
    "timestamp": 1772692151,
    "market_id": "0x0f49db97f71c68b1e42a6d16e3de93d85dbf7d4148e3f018eb79e88554be9f75",
    "market_label": "Will Gavin Newsom win the 2028 Democratic presidential nomination?",
    "wallet": "0xd02f1840c0913dc2112ddd5ab7cf2d4309f90b02",
    "size_usd": 60.0,
    "size": 60.0,
    "outcome": "Yes",
    "side": "Yes",
    "price": 0.248
  },
  {
    "timestamp": 1772692151,
    "market_id": "0x0f49db97f71c68b1e42a6d16e3de93d85dbf7d4148e3f018eb79e88554be9f75",
    "market_label": "Will Gavin Newsom win the 2028 Democratic presidential nomination?",
    "wallet": "0x8b7733abd814d9baf129bd65a68a6360b3d61a16",
    "size_usd": 50.0,
    "size": 50.0,
    "outcome": "Yes",
    "side": "Yes",
    "price": 0.248
  },
  {
    "timestamp": 1772692151,
    "market_id": "0x0f49db97f71c68b1e42a6d16e3de93d85dbf7d4148e3f018eb79e88554be9f75",
    "market_label": "Will Gavin Newsom win the 2028 Democratic presidential nomination?",
    "wallet": "0xd02f1840c0913dc2112ddd5ab7cf2d4309f90b02",
    "size_usd": 60.0,
    "size": 60.0,
    "outcome": "Yes",
    "side": "Yes",
    "price": 0.753
  },
  {
    "timestamp": 1772692103,
    "market_id": "0x0f49db97f71c68b1e42a6d16e3de93d85dbf7d4148e3f018eb79e88554be9f75",
    "market_label": "Will Gavin Newsom win the 2028 Democratic presidential nomination?",
    "wallet": "0xd1c7195087b5cb87b6e4580456ab357c0e735a36",
    "size_usd": 70.0,
    "size": 70.0,
    "outcome": "Yes",
    "side": "Yes",
    "price": 0.753
  },
  {
    "timestamp": 1772692103,
    "market_id": "0x0f49db97f71c68b1e42a6d16e3de93d85dbf7d4148e3f018eb79e88554be9f75",
    "market_label": "Will Gavin Newsom win the 2028 Democratic presidential nomination?",
    "wallet": "0xd1c7195087b5cb87b6e4580456ab357c0e735a36",
    "size_usd": 70.0,
    "size": 70.0,
    "outcome": "Yes",
    "side": "Yes",
    "price": 0.248
  },
  {
    "timestamp": 1772690523,
    "market_id": "0x0f49db97f71c68b1e42a6d16e3de93d85dbf7d4148e3f018eb79e88554be9f75",
    "market_label": "Will Gavin Newsom win the 2028 Democratic presidential nomination?",
    "wallet": "0x412723eb1de86d350963ac6b81a0b1445b6cd187",
    "size_usd": 50.0,
    "size": 50.0,
    "outcome": "Yes",
    "side": "Yes",
    "price": 0.248
  },
  {
    "timestamp": 1772690523,
    "market_id": "0x0f49db97f71c68b1e42a6d16e3de93d85dbf7d4148e3f018eb79e88554be9f75",
    "market_label": "Will Gavin Newsom win the 2028 Democratic presidential nomination?",
    "wallet": "0x7c474744d8d1ee2ee3d946171b40e8008d774d7e",
    "size_usd": 60.0,
    "size": 60.0,
    "outcome": "Yes",
    "side": "Yes",
    "price": 0.753
  },
  {
    "timestamp": 1772690523,
    "market_id": "0x0f49db97f71c68b1e42a6d16e3de93d85dbf7d4148e3f018eb79e88554be9f75",
    "market_label": "Will Gavin Newsom win the 2028 Democratic presidential nomination?",
    "wallet": "0x7c474744d8d1ee2ee3d946171b40e8008d774d7e",
    "size_usd": 60.0,
    "size": 60.0,
    "outcome": "Yes",
    "side": "Yes",
    "price": 0.248
  },
  {
    "timestamp": 1772690523,
    "market_id": "0x0f49db97f71c68b1e42a6d16e3de93d85dbf7d4148e3f018eb79e88554be9f75",
    "market_label": "Will Gavin Newsom win the 2028 Democratic presidential nomination?",
    "wallet": "0x412723eb1de86d350963ac6b81a0b1445b6cd187",
    "size_usd": 50.0,
    "size": 50.0,
    "outcome": "Yes",
    "side": "Yes",
    "price": 0.753
  },
  {
    "timestamp": 1772690413,
    "market_id": "0x0f49db97f71c68b1e42a6d16e3de93d85dbf7d4148e3f018eb79e88554be9f75",
    "market_label": "Will Gavin Newsom win the 2028 Democratic presidential nomination?",
    "wallet": "0xd6c2222ae00d99e97acd234f49ef164ab23ba53d",
    "size_usd": 92.0,
    "size": 92.0,
    "outcome": "No",
    "side": "No",
    "price": 0.751
  },
  {
    "timestamp": 1772690389,
    "market_id": "0x0f49db97f71c68b1e42a6d16e3de93d85dbf7d4148e3f018eb79e88554be9f75",
    "market_label": "Will Gavin Newsom win the 2028 Democratic presidential nomination?",
    "wallet": "0xed75409f36f5e7bdfce97ce97e0a46f0ad22dc14",
    "size_usd": 795.24,
    "size": 795.24,
    "outcome": "No",
    "side": "No",
    "price": 0.751
  },
  {
    "timestamp": 1772688319,
    "market_id": "0x0f49db97f71c68b1e42a6d16e3de93d85dbf7d4148e3f018eb79e88554be9f75",
    "market_label": "Will Gavin Newsom win the 2028 Democratic presidential nomination?",
    "wallet": "0x9e544f309044dfb820358666c704b7a0bb12a216",
    "size_usd": 1204.750842,
    "size": 1204.750842,
    "outcome": "Yes",
    "side": "Yes",
    "price": 0.24888133591360462
  },
  {
    "timestamp": 1772687845,
    "market_id": "0x0f49db97f71c68b1e42a6d16e3de93d85dbf7d4148e3f018eb79e88554be9f75",
    "market_label": "Will Gavin Newsom win the 2028 Democratic presidential nomination?",
    "wallet": "0x5dc93995645cba056d6c43d00a37890c447d0101",
    "size_usd": 451.45,
    "size": 451.45,
    "outcome": "No",
    "side": "No",
    "price": 0.245
  },
  {
    "timestamp": 1772687693,
    "market_id": "0x0f49db97f71c68b1e42a6d16e3de93d85dbf7d4148e3f018eb79e88554be9f75",
    "market_label": "Will Gavin Newsom win the 2028 Democratic presidential nomination?",
    "wallet": "0xfbf853dd64381c9a56ec726ca1d8f7f4ea3289b0",
    "size_usd": 147.05,
    "size": 147.05,
    "outcome": "No",
    "side": "No",
    "price": 0.245
  },
  {
    "timestamp": 1772687609,
    "market_id": "0x0f49db97f71c68b1e42a6d16e3de93d85dbf7d4148e3f018eb79e88554be9f75",
    "market_label": "Will Gavin Newsom win the 2028 Democratic presidential nomination?",
    "wallet": "0x9ce6fa264bd426f6be8c1dc938e81c708a41afe9",
    "size_usd": 166.874089,
    "size": 166.874089,
    "outcome": "Yes",
    "side": "Yes",
    "price": 0.7548205821216498
  },
  {
    "timestamp": 1772687567,
    "market_id": "0x0f49db97f71c68b1e42a6d16e3de93d85dbf7d4148e3f018eb79e88554be9f75",
    "market_label": "Will Gavin Newsom win the 2028 Democratic presidential nomination?",
    "wallet": "0xeec5bf98c31e7daace8e9ccc860c29424db1d8a1",
    "size_usd": 179.503228,
    "size": 179.503228,
    "outcome": "Yes",
    "side": "Yes",
    "price": 0.7548610602144714
  },
  {
    "timestamp": 1772687451,
    "market_id": "0x0f49db97f71c68b1e42a6d16e3de93d85dbf7d4148e3f018eb79e88554be9f75",
    "market_label": "Will Gavin Newsom win the 2028 Democratic presidential nomination?",
    "wallet": "0x29ab06e14e790af4529820e1a7972cd1840fb5cd",
    "size_usd": 346.126344,
    "size": 346.126344,
    "outcome": "Yes",
    "side": "Yes",
    "price": 0.24745299074952815
  },
  {
    "timestamp": 1772686899,
    "market_id": "0x0f49db97f71c68b1e42a6d16e3de93d85dbf7d4148e3f018eb79e88554be9f75",
    "market_label": "Will Gavin Newsom win the 2028 Democratic presidential nomination?",
    "wallet": "0xb5d9af1c8c9f98382131748065aa90aea3ea8f11",
    "size_usd": 104.0,
    "size": 104.0,
    "outcome": "No",
    "side": "No",
    "price": 0.2433846153846154
  },
  {
    "timestamp": 1772686851,
    "market_id": "0x0f49db97f71c68b1e42a6d16e3de93d85dbf7d4148e3f018eb79e88554be9f75",
    "market_label": "Will Gavin Newsom win the 2028 Democratic presidential nomination?",
    "wallet": "0x054790303ef27c09351c6ee72fdbb3b83e0d9926",
    "size_usd": 7254.77,
    "size": 7254.77,
    "outcome": "No",
    "side": "No",
    "price": 0.24375670352058026
  },
  {
    "timestamp": 1772685919,
    "market_id": "0x0f49db97f71c68b1e42a6d16e3de93d85dbf7d4148e3f018eb79e88554be9f75",
    "market_label": "Will Gavin Newsom win the 2028 Democratic presidential nomination?",
    "wallet": "0x1f420dff11a7b0a2d73af60a073ce9adf3d46892",
    "size_usd": 150.0,
    "size": 150.0,
    "outcome": "Yes",
    "side": "Yes",
    "price": 0.7489333333333333
  },
  {
    "timestamp": 1772685635,
    "market_id": "0x0f49db97f71c68b1e42a6d16e3de93d85dbf7d4148e3f018eb79e88554be9f75",
    "market_label": "Will Gavin Newsom win the 2028 Democratic presidential nomination?",
    "wallet": "0x4d2a05551c52217adfb3406b1d5b302f45b67d78",
    "size_usd": 50.0,
    "size": 50.0,
    "outcome": "Yes",
    "side": "Yes",
    "price": 0.747
  },
  {
    "timestamp": 1772685635,
    "market_id": "0x0f49db97f71c68b1e42a6d16e3de93d85dbf7d4148e3f018eb79e88554be9f75",
    "market_label": "Will Gavin Newsom win the 2028 Democratic presidential nomination?",
    "wallet": "0x4d2a05551c52217adfb3406b1d5b302f45b67d78",
    "size_usd": 50.0,
    "size": 50.0,
    "outcome": "Yes",
    "side": "Yes",
    "price": 0.254
  },
  {
    "timestamp": 1772684601,
    "market_id": "0x0f49db97f71c68b1e42a6d16e3de93d85dbf7d4148e3f018eb79e88554be9f75",
    "market_label": "Will Gavin Newsom win the 2028 Democratic presidential nomination?",
    "wallet": "0x10b289276b2b69cac7b1bbc58601009b6ee74ceb",
    "size_usd": 158.346455,
    "size": 158.346455,
    "outcome": "Yes",
    "side": "Yes",
    "price": 0.25254748519630577
  },
  {
    "timestamp": 1772684595,
    "market_id": "0x0f49db97f71c68b1e42a6d16e3de93d85dbf7d4148e3f018eb79e88554be9f75",
    "market_label": "Will Gavin Newsom win the 2028 Democratic presidential nomination?",
    "wallet": "0x38692cead875c0cd862052efbff8f6add7310e3c",
    "size_usd": 791.509487,
    "size": 791.509487,
    "outcome": "Yes",
    "side": "Yes",
    "price": 0.2526817458095736
  },
  {
    "timestamp": 1772684435,
    "market_id": "0x0f49db97f71c68b1e42a6d16e3de93d85dbf7d4148e3f018eb79e88554be9f75",
    "market_label": "Will Gavin Newsom win the 2028 Democratic presidential nomination?",
    "wallet": "0x1f420dff11a7b0a2d73af60a073ce9adf3d46892",
    "size_usd": 150.0,
    "size": 150.0,
    "outcome": "Yes",
    "side": "Yes",
    "price": 0.7544342666666667
  },
  {
    "timestamp": 1772684323,
    "market_id": "0x0f49db97f71c68b1e42a6d16e3de93d85dbf7d4148e3f018eb79e88554be9f75",
    "market_label": "Will Gavin Newsom win the 2028 Democratic presidential nomination?",
    "wallet": "0x19ab1c7ae5b2f39a4e3be9e8465ee598a833cd60",
    "size_usd": 50.0,
    "size": 50.0,
    "outcome": "No",
    "side": "No",
    "price": 0.245
  },
  {
    "timestamp": 1772684319,
    "market_id": "0x0f49db97f71c68b1e42a6d16e3de93d85dbf7d4148e3f018eb79e88554be9f75",
    "market_label": "Will Gavin Newsom win the 2028 Democratic presidential nomination?",
    "wallet": "0xe58626987383e2a277784b3ba593f917c9fb8536",
    "size_usd": 121.951218,
    "size": 121.951218,
    "outcome": "Yes",
    "side": "Yes",
    "price": 0.24599999485039994
  },
  {
    "timestamp": 1772683953,
    "market_id": "0x0f49db97f71c68b1e42a6d16e3de93d85dbf7d4148e3f018eb79e88554be9f75",
    "market_label": "Will Gavin Newsom win the 2028 Democratic presidential nomination?",
    "wallet": "0xb879bd208ffcd0dd838357e1175756e19f78efab",
    "size_usd": 79.36,
    "size": 79.36,
    "outcome": "No",
    "side": "No",
    "price": 0.24606640625
  },
  {
    "timestamp": 1772683587,
    "market_id": "0x0f49db97f71c68b1e42a6d16e3de93d85dbf7d4148e3f018eb79e88554be9f75",
    "market_label": "Will Gavin Newsom win the 2028 Democratic presidential nomination?",
    "wallet": "0x0f08768502a4e08b3b55491e6c01bfa5e9b91560",
    "size_usd": 1096.0,
    "size": 1096.0,
    "outcome": "No",
    "side": "No",
    "price": 0.245
  },
  {
    "timestamp": 1772683551,
    "market_id": "0x0f49db97f71c68b1e42a6d16e3de93d85dbf7d4148e3f018eb79e88554be9f75",
    "market_label": "Will Gavin Newsom win the 2028 Democratic presidential nomination?",
    "wallet": "0x0f08768502a4e08b3b55491e6c01bfa5e9b91560",
    "size_usd": 64.27,
    "size": 64.27,
    "outcome": "No",
    "side": "No",
    "price": 0.246
  },
  {
    "timestamp": 1772683499,
    "market_id": "0x0f49db97f71c68b1e42a6d16e3de93d85dbf7d4148e3f018eb79e88554be9f75",
    "market_label": "Will Gavin Newsom win the 2028 Democratic presidential nomination?",
    "wallet": "0x0f08768502a4e08b3b55491e6c01bfa5e9b91560",
    "size_usd": 68.52,
    "size": 68.52,
    "outcome": "No",
    "side": "No",
    "price": 0.247
  },
  {
    "timestamp": 1772683481,
    "market_id": "0x0f49db97f71c68b1e42a6d16e3de93d85dbf7d4148e3f018eb79e88554be9f75",
    "market_label": "Will Gavin Newsom win the 2028 Democratic presidential nomination?",
    "wallet": "0x0f08768502a4e08b3b55491e6c01bfa5e9b91560",
    "size_usd": 79.86,
    "size": 79.86,
    "outcome": "No",
    "side": "No",
    "price": 0.249
  },
  {
    "timestamp": 1772683445,
    "market_id": "0x0f49db97f71c68b1e42a6d16e3de93d85dbf7d4148e3f018eb79e88554be9f75",
    "market_label": "Will Gavin Newsom win the 2028 Democratic presidential nomination?",
    "wallet": "0x0f08768502a4e08b3b55491e6c01bfa5e9b91560",
    "size_usd": 91.86,
    "size": 91.86,
    "outcome": "No",
    "side": "No",
    "price": 0.25
  },
  {
    "timestamp": 1772683393,
    "market_id": "0x0f49db97f71c68b1e42a6d16e3de93d85dbf7d4148e3f018eb79e88554be9f75",
    "market_label": "Will Gavin Newsom win the 2028 Democratic presidential nomination?",
    "wallet": "0x0f08768502a4e08b3b55491e6c01bfa5e9b91560",
    "size_usd": 95.13,
    "size": 95.13,
    "outcome": "No",
    "side": "No",
    "price": 0.253
  },
  {
    "timestamp": 1772683393,
    "market_id": "0x0f49db97f71c68b1e42a6d16e3de93d85dbf7d4148e3f018eb79e88554be9f75",
    "market_label": "Will Gavin Newsom win the 2028 Democratic presidential nomination?",
    "wallet": "0x19ab1c7ae5b2f39a4e3be9e8465ee598a833cd60",
    "size_usd": 50.0,
    "size": 50.0,
    "outcome": "Yes",
    "side": "Yes",
    "price": 0.253
  },
  {
    "timestamp": 1772682869,
    "market_id": "0x0f49db97f71c68b1e42a6d16e3de93d85dbf7d4148e3f018eb79e88554be9f75",
    "market_label": "Will Gavin Newsom win the 2028 Democratic presidential nomination?",
    "wallet": "0xd362566464efa05a15a3d7ce3224067564879bc4",
    "size_usd": 93.36,
    "size": 93.36,
    "outcome": "No",
    "side": "No",
    "price": 0.746
  },
  {
    "timestamp": 1772681943,
    "market_id": "0x0f49db97f71c68b1e42a6d16e3de93d85dbf7d4148e3f018eb79e88554be9f75",
    "market_label": "Will Gavin Newsom win the 2028 Democratic presidential nomination?",
    "wallet": "0x50f0ff2c409273042c28bde915c52b255ed59df3",
    "size_usd": 727.46,
    "size": 727.46,
    "outcome": "No",
    "side": "No",
    "price": 0.253
  },
  {
    "timestamp": 1772681943,
    "market_id": "0x0f49db97f71c68b1e42a6d16e3de93d85dbf7d4148e3f018eb79e88554be9f75",
    "market_label": "Will Gavin Newsom win the 2028 Democratic presidential nomination?",
    "wallet": "0x8b7733abd814d9baf129bd65a68a6360b3d61a16",
    "size_usd": 60.0,
    "size": 60.0,
    "outcome": "Yes",
    "side": "Yes",
    "price": 0.254
  },
  {
    "timestamp": 1772681943,
    "market_id": "0x0f49db97f71c68b1e42a6d16e3de93d85dbf7d4148e3f018eb79e88554be9f75",
    "market_label": "Will Gavin Newsom win the 2028 Democratic presidential nomination?",
    "wallet": "0x8b7733abd814d9baf129bd65a68a6360b3d61a16",
    "size_usd": 60.0,
    "size": 60.0,
    "outcome": "Yes",
    "side": "Yes",
    "price": 0.747
  },
  {
    "timestamp": 1772681943,
    "market_id": "0x0f49db97f71c68b1e42a6d16e3de93d85dbf7d4148e3f018eb79e88554be9f75",
    "market_label": "Will Gavin Newsom win the 2028 Democratic presidential nomination?",
    "wallet": "0x40a76568f074d96a69c7326f19d929e67fdbea81",
    "size_usd": 90.0,
    "size": 90.0,
    "outcome": "Yes",
    "side": "Yes",
    "price": 0.254
  },
  {
    "timestamp": 1772681943,
    "market_id": "0x0f49db97f71c68b1e42a6d16e3de93d85dbf7d4148e3f018eb79e88554be9f75",
    "market_label": "Will Gavin Newsom win the 2028 Democratic presidential nomination?",
    "wallet": "0x40a76568f074d96a69c7326f19d929e67fdbea81",
    "size_usd": 90.0,
    "size": 90.0,
    "outcome": "Yes",
    "side": "Yes",
    "price": 0.747
  },
  {
    "timestamp": 1772681243,
    "market_id": "0x0f49db97f71c68b1e42a6d16e3de93d85dbf7d4148e3f018eb79e88554be9f75",
    "market_label": "Will Gavin Newsom win the 2028 Democratic presidential nomination?",
    "wallet": "0x5d05088e131b92192e8a0bd5a3ca89439043aee5",
    "size_usd": 200.0,
    "size": 200.0,
    "outcome": "Yes",
    "side": "Yes",
    "price": 0.254
  },
  {
    "timestamp": 1772680317,
    "market_id": "0x0f49db97f71c68b1e42a6d16e3de93d85dbf7d4148e3f018eb79e88554be9f75",
    "market_label": "Will Gavin Newsom win the 2028 Democratic presidential nomination?",
    "wallet": "0xa5e3044fd953605f9407d58c76e48fd75a394d7e",
    "size_usd": 59.99,
    "size": 59.99,
    "outcome": "Yes",
    "side": "Yes",
    "price": 0.253
  },
  {
    "timestamp": 1772678735,
    "market_id": "0x0f49db97f71c68b1e42a6d16e3de93d85dbf7d4148e3f018eb79e88554be9f75",
    "market_label": "Will Gavin Newsom win the 2028 Democratic presidential nomination?",
    "wallet": "0xbeba206df7b34d2b30d6a5e360c3705e3a62a475",
    "size_usd": 200.0,
    "size": 200.0,
    "outcome": "Yes",
    "side": "Yes",
    "price": 0.748
  },
  {
    "timestamp": 1772678303,
    "market_id": "0x0f49db97f71c68b1e42a6d16e3de93d85dbf7d4148e3f018eb79e88554be9f75",
    "market_label": "Will Gavin Newsom win the 2028 Democratic presidential nomination?",
    "wallet": "0xbd05737c77253930e82b4d2bb7f2c970c2574d8a",
    "size_usd": 1086.95652,
    "size": 1086.95652,
    "outcome": "Yes",
    "side": "Yes",
    "price": 0.2529999994848
  },
  {
    "timestamp": 1772678123,
    "market_id": "0x0f49db97f71c68b1e42a6d16e3de93d85dbf7d4148e3f018eb79e88554be9f75",
    "market_label": "Will Gavin Newsom win the 2028 Democratic presidential nomination?",
    "wallet": "0x517dde4131e0087032862ca594d6dee137c5647a",
    "size_usd": 80.0,
    "size": 80.0,
    "outcome": "Yes",
    "side": "Yes",
    "price": 0.748
  },
  {
    "timestamp": 1772678123,
    "market_id": "0x0f49db97f71c68b1e42a6d16e3de93d85dbf7d4148e3f018eb79e88554be9f75",
    "market_label": "Will Gavin Newsom win the 2028 Democratic presidential nomination?",
    "wallet": "0x517dde4131e0087032862ca594d6dee137c5647a",
    "size_usd": 80.0,
    "size": 80.0,
    "outcome": "Yes",
    "side": "Yes",
    "price": 0.253
  },
  {
    "timestamp": 1772678123,
    "market_id": "0x0f49db97f71c68b1e42a6d16e3de93d85dbf7d4148e3f018eb79e88554be9f75",
    "market_label": "Will Gavin Newsom win the 2028 Democratic presidential nomination?",
    "wallet": "0xa5e3044fd953605f9407d58c76e48fd75a394d7e",
    "size_usd": 98.93,
    "size": 98.93,
    "outcome": "Yes",
    "side": "Yes",
    "price": 0.252
  },
  {
    "timestamp": 1772677775,
    "market_id": "0x0f49db97f71c68b1e42a6d16e3de93d85dbf7d4148e3f018eb79e88554be9f75",
    "market_label": "Will Gavin Newsom win the 2028 Democratic presidential nomination?",
    "wallet": "0xa5e3044fd953605f9407d58c76e48fd75a394d7e",
    "size_usd": 64.98,
    "size": 64.98,
    "outcome": "Yes",
    "side": "Yes",
    "price": 0.252
  },
  {
    "timestamp": 1772677757,
    "market_id": "0x0f49db97f71c68b1e42a6d16e3de93d85dbf7d4148e3f018eb79e88554be9f75",
    "market_label": "Will Gavin Newsom win the 2028 Democratic presidential nomination?",
    "wallet": "0xa2945ed82803ba6a5ac8801a01d8067999ab38d9",
    "size_usd": 396.969682,
    "size": 396.969682,
    "outcome": "Yes",
    "side": "Yes",
    "price": 0.25163130467983696
  },
  {
    "timestamp": 1772677511,
    "market_id": "0x0f49db97f71c68b1e42a6d16e3de93d85dbf7d4148e3f018eb79e88554be9f75",
    "market_label": "Will Gavin Newsom win the 2028 Democratic presidential nomination?",
    "wallet": "0x272ec135c3814994f9420895af06c911130b8a4c",
    "size_usd": 180.0,
    "size": 180.0,
    "outcome": "Yes",
    "side": "Yes",
    "price": 0.25
  },
  {
    "timestamp": 1772676649,
    "market_id": "0x0f49db97f71c68b1e42a6d16e3de93d85dbf7d4148e3f018eb79e88554be9f75",
    "market_label": "Will Gavin Newsom win the 2028 Democratic presidential nomination?",
    "wallet": "0xa5e3044fd953605f9407d58c76e48fd75a394d7e",
    "size_usd": 121.38,
    "size": 121.38,
    "outcome": "Yes",
    "side": "Yes",
    "price": 0.248
  },
  {
    "timestamp": 1772676645,
    "market_id": "0x0f49db97f71c68b1e42a6d16e3de93d85dbf7d4148e3f018eb79e88554be9f75",
    "market_label": "Will Gavin Newsom win the 2028 Democratic presidential nomination?",
    "wallet": "0xa5e3044fd953605f9407d58c76e48fd75a394d7e",
    "size_usd": 73.0,
    "size": 73.0,
    "outcome": "Yes",
    "side": "Yes",
    "price": 0.248
  },
  {
    "timestamp": 1772676633,
    "market_id": "0x0f49db97f71c68b1e42a6d16e3de93d85dbf7d4148e3f018eb79e88554be9f75",
    "market_label": "Will Gavin Newsom win the 2028 Democratic presidential nomination?",
    "wallet": "0xeb8db2fb399a7fa9d8585d7a6674b900622acf1b",
    "size_usd": 404.26875,
    "size": 404.26875,
    "outcome": "Yes",
    "side": "Yes",
    "price": 0.24736020283536633
  },
  {
    "timestamp": 1772676413,
    "market_id": "0x0f49db97f71c68b1e42a6d16e3de93d85dbf7d4148e3f018eb79e88554be9f75",
    "market_label": "Will Gavin Newsom win the 2028 Democratic presidential nomination?",
    "wallet": "0xe556d00215a4388bdba5d733e25a4844e6034659",
    "size_usd": 592.15,
    "size": 592.15,
    "outcome": "No",
    "side": "No",
    "price": 0.24641953896816685
  },
  {
    "timestamp": 1772675083,
    "market_id": "0x0f49db97f71c68b1e42a6d16e3de93d85dbf7d4148e3f018eb79e88554be9f75",
    "market_label": "Will Gavin Newsom win the 2028 Democratic presidential nomination?",
    "wallet": "0x193ac1b8b317fbf998ab786aac8f305fdf6d3294",
    "size_usd": 135.978694,
    "size": 135.978694,
    "outcome": "Yes",
    "side": "Yes",
    "price": 0.7501175073795017
  },
  {
    "timestamp": 1772674985,
    "market_id": "0x0f49db97f71c68b1e42a6d16e3de93d85dbf7d4148e3f018eb79e88554be9f75",
    "market_label": "Will Gavin Newsom win the 2028 Democratic presidential nomination?",
    "wallet": "0xa5e3044fd953605f9407d58c76e48fd75a394d7e",
    "size_usd": 98.61,
    "size": 98.61,
    "outcome": "Yes",
    "side": "Yes",
    "price": 0.25129013284656726
  },
  {
    "timestamp": 1772674975,
    "market_id": "0x0f49db97f71c68b1e42a6d16e3de93d85dbf7d4148e3f018eb79e88554be9f75",
    "market_label": "Will Gavin Newsom win the 2028 Democratic presidential nomination?",
    "wallet": "0xa5e3044fd953605f9407d58c76e48fd75a394d7e",
    "size_usd": 73.97,
    "size": 73.97,
    "outcome": "Yes",
    "side": "Yes",
    "price": 0.25181113965120994
  },
  {
    "timestamp": 1772674971,
    "market_id": "0x0f49db97f71c68b1e42a6d16e3de93d85dbf7d4148e3f018eb79e88554be9f75",
    "market_label": "Will Gavin Newsom win the 2028 Democratic presidential nomination?",
    "wallet": "0x5b07818634ad4f1c4ce6360916b5aa648cae260f",
    "size_usd": 70.0,
    "size": 70.0,
    "outcome": "No",
    "side": "No",
    "price": 0.248
  },
  {
    "timestamp": 1772674971,
    "market_id": "0x0f49db97f71c68b1e42a6d16e3de93d85dbf7d4148e3f018eb79e88554be9f75",
    "market_label": "Will Gavin Newsom win the 2028 Democratic presidential nomination?",
    "wallet": "0xb77bd5864ff0bbae879a119cb0a2973f7e0b1275",
    "size_usd": 80.0,
    "size": 80.0,
    "outcome": "No",
    "side": "No",
    "price": 0.248
  },
  {
    "timestamp": 1772674969,
    "market_id": "0x0f49db97f71c68b1e42a6d16e3de93d85dbf7d4148e3f018eb79e88554be9f75",
    "market_label": "Will Gavin Newsom win the 2028 Democratic presidential nomination?",
    "wallet": "0xc945f981ba8293f976d9636c946b8e9f8b3a64a3",
    "size_usd": 50.0,
    "size": 50.0,
    "outcome": "No",
    "side": "No",
    "price": 0.249
  },
  {
    "timestamp": 1772674969,
    "market_id": "0x0f49db97f71c68b1e42a6d16e3de93d85dbf7d4148e3f018eb79e88554be9f75",
    "market_label": "Will Gavin Newsom win the 2028 Democratic presidential nomination?",
    "wallet": "0x5044ddca816392e5c3d4f7f02cb44050a96e4c2a",
    "size_usd": 70.0,
    "size": 70.0,
    "outcome": "No",
    "side": "No",
    "price": 0.24804314285714285
  },
  {
    "timestamp": 1772674969,
    "market_id": "0x0f49db97f71c68b1e42a6d16e3de93d85dbf7d4148e3f018eb79e88554be9f75",
    "market_label": "Will Gavin Newsom win the 2028 Democratic presidential nomination?",
    "wallet": "0x399828f6229fc5eb1d595b6f65cea0ff937d8cb0",
    "size_usd": 50.0,
    "size": 50.0,
    "outcome": "No",
    "side": "No",
    "price": 0.248
  },
  {
    "timestamp": 1772674959,
    "market_id": "0x0f49db97f71c68b1e42a6d16e3de93d85dbf7d4148e3f018eb79e88554be9f75",
    "market_label": "Will Gavin Newsom win the 2028 Democratic presidential nomination?",
    "wallet": "0xe20c9bf4b8904d8b13d2271dd68ce93877775950",
    "size_usd": 78.821794,
    "size": 78.821794,
    "outcome": "Yes",
    "side": "Yes",
    "price": 0.7510612991122735
  },
  {
    "timestamp": 1772674953,
    "market_id": "0x0f49db97f71c68b1e42a6d16e3de93d85dbf7d4148e3f018eb79e88554be9f75",
    "market_label": "Will Gavin Newsom win the 2028 Democratic presidential nomination?",
    "wallet": "0x6518be44c4d4f2a55a885df2a2e2218cc7fe52a7",
    "size_usd": 79.940076,
    "size": 79.940076,
    "outcome": "Yes",
    "side": "Yes",
    "price": 0.7505621710942582
  },
  {
    "timestamp": 1772674953,
    "market_id": "0x0f49db97f71c68b1e42a6d16e3de93d85dbf7d4148e3f018eb79e88554be9f75",
    "market_label": "Will Gavin Newsom win the 2028 Democratic presidential nomination?",
    "wallet": "0xc945f981ba8293f976d9636c946b8e9f8b3a64a3",
    "size_usd": 50.0,
    "size": 50.0,
    "outcome": "Yes",
    "side": "Yes",
    "price": 0.252
  },
  {
    "timestamp": 1772674953,
    "market_id": "0x0f49db97f71c68b1e42a6d16e3de93d85dbf7d4148e3f018eb79e88554be9f75",
    "market_label": "Will Gavin Newsom win the 2028 Democratic presidential nomination?",
    "wallet": "0x5b07818634ad4f1c4ce6360916b5aa648cae260f",
    "size_usd": 70.0,
    "size": 70.0,
    "outcome": "Yes",
    "side": "Yes",
    "price": 0.252
  },
  {
    "timestamp": 1772674953,
    "market_id": "0x0f49db97f71c68b1e42a6d16e3de93d85dbf7d4148e3f018eb79e88554be9f75",
    "market_label": "Will Gavin Newsom win the 2028 Democratic presidential nomination?",
    "wallet": "0xb77bd5864ff0bbae879a119cb0a2973f7e0b1275",
    "size_usd": 80.0,
    "size": 80.0,
    "outcome": "Yes",
    "side": "Yes",
    "price": 0.252
  },
  {
    "timestamp": 1772674953,
    "market_id": "0x0f49db97f71c68b1e42a6d16e3de93d85dbf7d4148e3f018eb79e88554be9f75",
    "market_label": "Will Gavin Newsom win the 2028 Democratic presidential nomination?",
    "wallet": "0x5044ddca816392e5c3d4f7f02cb44050a96e4c2a",
    "size_usd": 70.0,
    "size": 70.0,
    "outcome": "Yes",
    "side": "Yes",
    "price": 0.252
  },
  {
    "timestamp": 1772674953,
    "market_id": "0x0f49db97f71c68b1e42a6d16e3de93d85dbf7d4148e3f018eb79e88554be9f75",
    "market_label": "Will Gavin Newsom win the 2028 Democratic presidential nomination?",
    "wallet": "0x399828f6229fc5eb1d595b6f65cea0ff937d8cb0",
    "size_usd": 50.0,
    "size": 50.0,
    "outcome": "Yes",
    "side": "Yes",
    "price": 0.252
  },
  {
    "timestamp": 1772674951,
    "market_id": "0x0f49db97f71c68b1e42a6d16e3de93d85dbf7d4148e3f018eb79e88554be9f75",
    "market_label": "Will Gavin Newsom win the 2028 Democratic presidential nomination?",
    "wallet": "0x9559e849adb0aaced6f4f1bbe7cffd4aa416f1a9",
    "size_usd": 158.730157,
    "size": 158.730157,
    "outcome": "Yes",
    "side": "Yes",
    "price": 0.25199999644679993
  },
  {
    "timestamp": 1772674719,
    "market_id": "0x0f49db97f71c68b1e42a6d16e3de93d85dbf7d4148e3f018eb79e88554be9f75",
    "market_label": "Will Gavin Newsom win the 2028 Democratic presidential nomination?",
    "wallet": "0x566e1c18d3c83ca30bb644875b878c89f8be7605",
    "size_usd": 138.946149,
    "size": 138.946149,
    "outcome": "Yes",
    "side": "Yes",
    "price": 0.251896142871869
  },
  {
    "timestamp": 1772674719,
    "market_id": "0x0f49db97f71c68b1e42a6d16e3de93d85dbf7d4148e3f018eb79e88554be9f75",
    "market_label": "Will Gavin Newsom win the 2028 Democratic presidential nomination?",
    "wallet": "0xf03ea2a5ab177d04771cd31041ed1dfb4ce940cf",
    "size_usd": 138.903445,
    "size": 138.903445,
    "outcome": "Yes",
    "side": "Yes",
    "price": 0.7508812830380125
  },
  {
    "timestamp": 1772674333,
    "market_id": "0x0f49db97f71c68b1e42a6d16e3de93d85dbf7d4148e3f018eb79e88554be9f75",
    "market_label": "Will Gavin Newsom win the 2028 Democratic presidential nomination?",
    "wallet": "0xf4c2a05ca625957e37bbc71ee9c8a73c3fb52926",
    "size_usd": 71.0,
    "size": 71.0,
    "outcome": "Yes",
    "side": "Yes",
    "price": 0.252
  },
  {
    "timestamp": 1772673631,
    "market_id": "0x0f49db97f71c68b1e42a6d16e3de93d85dbf7d4148e3f018eb79e88554be9f75",
    "market_label": "Will Gavin Newsom win the 2028 Democratic presidential nomination?",
    "wallet": "0x529751f1bb3b43d40486875f9d88c33ea49d5efb",
    "size_usd": 699.38,
    "size": 699.38,
    "outcome": "No",
    "side": "No",
    "price": 0.25
  },
  {
    "timestamp": 1772673519,
    "market_id": "0x0f49db97f71c68b1e42a6d16e3de93d85dbf7d4148e3f018eb79e88554be9f75",
    "market_label": "Will Gavin Newsom win the 2028 Democratic presidential nomination?",
    "wallet": "0xa82d85c02adf6508e927ae2d3734af439b367212",
    "size_usd": 380.01,
    "size": 380.01,
    "outcome": "No",
    "side": "No",
    "price": 0.75
  },
  {
    "timestamp": 1772672271,
    "market_id": "0x0f49db97f71c68b1e42a6d16e3de93d85dbf7d4148e3f018eb79e88554be9f75",
    "market_label": "Will Gavin Newsom win the 2028 Democratic presidential nomination?",
    "wallet": "0x6e665d08ea3bc4144b89f1c74d7965c7bf7b8bda",
    "size_usd": 2118.0,
    "size": 2118.0,
    "outcome": "No",
    "side": "No",
    "price": 0.249
  },
  {
    "timestamp": 1772672001,
    "market_id": "0x0f49db97f71c68b1e42a6d16e3de93d85dbf7d4148e3f018eb79e88554be9f75",
    "market_label": "Will Gavin Newsom win the 2028 Democratic presidential nomination?",
    "wallet": "0x724db3c436dcc7b26fbe1ae0c0d6af538b588dea",
    "size_usd": 166.0,
    "size": 166.0,
    "outcome": "Yes",
    "side": "Yes",
    "price": 0.25
  },
  {
    "timestamp": 1772671867,
    "market_id": "0x0f49db97f71c68b1e42a6d16e3de93d85dbf7d4148e3f018eb79e88554be9f75",
    "market_label": "Will Gavin Newsom win the 2028 Democratic presidential nomination?",
    "wallet": "0xa5e3044fd953605f9407d58c76e48fd75a394d7e",
    "size_usd": 75.29,
    "size": 75.29,
    "outcome": "Yes",
    "side": "Yes",
    "price": 0.249
  },
  {
    "timestamp": 1772671687,
    "market_id": "0x0f49db97f71c68b1e42a6d16e3de93d85dbf7d4148e3f018eb79e88554be9f75",
    "market_label": "Will Gavin Newsom win the 2028 Democratic presidential nomination?",
    "wallet": "0xa5e3044fd953605f9407d58c76e48fd75a394d7e",
    "size_usd": 120.04,
    "size": 120.04,
    "outcome": "Yes",
    "side": "Yes",
    "price": 0.249
  },
  {
    "timestamp": 1772671677,
    "market_id": "0x0f49db97f71c68b1e42a6d16e3de93d85dbf7d4148e3f018eb79e88554be9f75",
    "market_label": "Will Gavin Newsom win the 2028 Democratic presidential nomination?",
    "wallet": "0xa0c4e14d3d21f197e7d59b73c4ccafbf9815978f",
    "size_usd": 469.96,
    "size": 469.96,
    "outcome": "Yes",
    "side": "Yes",
    "price": 0.248
  },
  {
    "timestamp": 1772671637,
    "market_id": "0x0f49db97f71c68b1e42a6d16e3de93d85dbf7d4148e3f018eb79e88554be9f75",
    "market_label": "Will Gavin Newsom win the 2028 Democratic presidential nomination?",
    "wallet": "0xe8a6608cd1ba1ccccd7113d1b5fd67c324b9a04f",
    "size_usd": 90.0,
    "size": 90.0,
    "outcome": "No",
    "side": "No",
    "price": 0.247
  },
  {
    "timestamp": 1772671637,
    "market_id": "0x0f49db97f71c68b1e42a6d16e3de93d85dbf7d4148e3f018eb79e88554be9f75",
    "market_label": "Will Gavin Newsom win the 2028 Democratic presidential nomination?",
    "wallet": "0x2d799255f1790ed2e474b38fcab2a9a64bfc1349",
    "size_usd": 4673.0,
    "size": 4673.0,
    "outcome": "No",
    "side": "No",
    "price": 0.753
  },
  {
    "timestamp": 1772671621,
    "market_id": "0x0f49db97f71c68b1e42a6d16e3de93d85dbf7d4148e3f018eb79e88554be9f75",
    "market_label": "Will Gavin Newsom win the 2028 Democratic presidential nomination?",
    "wallet": "0xe8a6608cd1ba1ccccd7113d1b5fd67c324b9a04f",
    "size_usd": 1376.0,
    "size": 1376.0,
    "outcome": "No",
    "side": "No",
    "price": 0.24607267441860464
  },
  {
    "timestamp": 1772671603,
    "market_id": "0x0f49db97f71c68b1e42a6d16e3de93d85dbf7d4148e3f018eb79e88554be9f75",
    "market_label": "Will Gavin Newsom win the 2028 Democratic presidential nomination?",
    "wallet": "0xe8a6608cd1ba1ccccd7113d1b5fd67c324b9a04f",
    "size_usd": 1344.11,
    "size": 1344.11,
    "outcome": "No",
    "side": "No",
    "price": 0.24874195564351131
  },
  {
    "timestamp": 1772671557,
    "market_id": "0x0f49db97f71c68b1e42a6d16e3de93d85dbf7d4148e3f018eb79e88554be9f75",
    "market_label": "Will Gavin Newsom win the 2028 Democratic presidential nomination?",
    "wallet": "0x2d799255f1790ed2e474b38fcab2a9a64bfc1349",
    "size_usd": 4673.0,
    "size": 4673.0,
    "outcome": "Yes",
    "side": "Yes",
    "price": 0.749
  },
  {
    "timestamp": 1772671519,
    "market_id": "0x0f49db97f71c68b1e42a6d16e3de93d85dbf7d4148e3f018eb79e88554be9f75",
    "market_label": "Will Gavin Newsom win the 2028 Democratic presidential nomination?",
    "wallet": "0xe8a6608cd1ba1ccccd7113d1b5fd67c324b9a04f",
    "size_usd": 7484.0,
    "size": 7484.0,
    "outcome": "Yes",
    "side": "Yes",
    "price": 0.251
  },
  {
    "timestamp": 1772670197,
    "market_id": "0x0f49db97f71c68b1e42a6d16e3de93d85dbf7d4148e3f018eb79e88554be9f75",
    "market_label": "Will Gavin Newsom win the 2028 Democratic presidential nomination?",
    "wallet": "0xa5e3044fd953605f9407d58c76e48fd75a394d7e",
    "size_usd": 72.55,
    "size": 72.55,
    "outcome": "Yes",
    "side": "Yes",
    "price": 0.252
  },
  {
    "timestamp": 1772670175,
    "market_id": "0x0f49db97f71c68b1e42a6d16e3de93d85dbf7d4148e3f018eb79e88554be9f75",
    "market_label": "Will Gavin Newsom win the 2028 Democratic presidential nomination?",
    "wallet": "0x58e1857ec79347c539e0b7fabd25089f8c1afca1",
    "size_usd": 90.0,
    "size": 90.0,
    "outcome": "No",
    "side": "No",
    "price": 0.2508887777777778
  },
  {
    "timestamp": 1772670175,
    "market_id": "0x0f49db97f71c68b1e42a6d16e3de93d85dbf7d4148e3f018eb79e88554be9f75",
    "market_label": "Will Gavin Newsom win the 2028 Democratic presidential nomination?",
    "wallet": "0xf1712a05258722b50e66597ba674f2d70a622c8a",
    "size_usd": 90.0,
    "size": 90.0,
    "outcome": "No",
    "side": "No",
    "price": 0.25
  },
  {
    "timestamp": 1772670165,
    "market_id": "0x0f49db97f71c68b1e42a6d16e3de93d85dbf7d4148e3f018eb79e88554be9f75",
    "market_label": "Will Gavin Newsom win the 2028 Democratic presidential nomination?",
    "wallet": "0xf1712a05258722b50e66597ba674f2d70a622c8a",
    "size_usd": 90.0,
    "size": 90.0,
    "outcome": "Yes",
    "side": "Yes",
    "price": 0.253
  },
  {
    "timestamp": 1772670163,
    "market_id": "0x0f49db97f71c68b1e42a6d16e3de93d85dbf7d4148e3f018eb79e88554be9f75",
    "market_label": "Will Gavin Newsom win the 2028 Democratic presidential nomination?",
    "wallet": "0x7bf4f595266fb940a5592ca1a165bb7c07f012e5",
    "size_usd": 110.0,
    "size": 110.0,
    "outcome": "Yes",
    "side": "Yes",
    "price": 0.253
  },
  {
    "timestamp": 1772670163,
    "market_id": "0x0f49db97f71c68b1e42a6d16e3de93d85dbf7d4148e3f018eb79e88554be9f75",
    "market_label": "Will Gavin Newsom win the 2028 Democratic presidential nomination?",
    "wallet": "0x7bf4f595266fb940a5592ca1a165bb7c07f012e5",
    "size_usd": 110.0,
    "size": 110.0,
    "outcome": "Yes",
    "side": "Yes",
    "price": 0.748
  },
  {
    "timestamp": 1772670163,
    "market_id": "0x0f49db97f71c68b1e42a6d16e3de93d85dbf7d4148e3f018eb79e88554be9f75",
    "market_label": "Will Gavin Newsom win the 2028 Democratic presidential nomination?",
    "wallet": "0x58e1857ec79347c539e0b7fabd25089f8c1afca1",
    "size_usd": 90.0,
    "size": 90.0,
    "outcome": "Yes",
    "side": "Yes",
    "price": 0.253
  },
  {
    "timestamp": 1772669969,
    "market_id": "0x0f49db97f71c68b1e42a6d16e3de93d85dbf7d4148e3f018eb79e88554be9f75",
    "market_label": "Will Gavin Newsom win the 2028 Democratic presidential nomination?",
    "wallet": "0xa5e3044fd953605f9407d58c76e48fd75a394d7e",
    "size_usd": 101.53,
    "size": 101.53,
    "outcome": "Yes",
    "side": "Yes",
    "price": 0.252
  },
  {
    "timestamp": 1772669943,
    "market_id": "0x0f49db97f71c68b1e42a6d16e3de93d85dbf7d4148e3f018eb79e88554be9f75",
    "market_label": "Will Gavin Newsom win the 2028 Democratic presidential nomination?",
    "wallet": "0xeaa00890e2aa83934fc72ca726ff40be111f019c",
    "size_usd": 131.53129,
    "size": 131.53129,
    "outcome": "Yes",
    "side": "Yes",
    "price": 0.7507719113832153
  },
  {
    "timestamp": 1772669903,
    "market_id": "0x0f49db97f71c68b1e42a6d16e3de93d85dbf7d4148e3f018eb79e88554be9f75",
    "market_label": "Will Gavin Newsom win the 2028 Democratic presidential nomination?",
    "wallet": "0xea9eb74c1e9f90cc3bac5245783e0a3e7da0883f",
    "size_usd": 237.92,
    "size": 237.92,
    "outcome": "Yes",
    "side": "Yes",
    "price": 0.749873907195696
  },
  {
    "timestamp": 1772669845,
    "market_id": "0x0f49db97f71c68b1e42a6d16e3de93d85dbf7d4148e3f018eb79e88554be9f75",
    "market_label": "Will Gavin Newsom win the 2028 Democratic presidential nomination?",
    "wallet": "0xde6efb76baa319e32c21051119ac0ddebee52f5f",
    "size_usd": 368.381421,
    "size": 368.381421,
    "outcome": "Yes",
    "side": "Yes",
    "price": 0.25177708134200394
  },
  {
    "timestamp": 1772667931,
    "market_id": "0x0f49db97f71c68b1e42a6d16e3de93d85dbf7d4148e3f018eb79e88554be9f75",
    "market_label": "Will Gavin Newsom win the 2028 Democratic presidential nomination?",
    "wallet": "0x084bae52b1db9913ce4dbc2cffa7f34f970798d0",
    "size_usd": 1003.832912,
    "size": 1003.832912,
    "outcome": "Yes",
    "side": "Yes",
    "price": 0.2530301566761142
  },
  {
    "timestamp": 1772666995,
    "market_id": "0x0f49db97f71c68b1e42a6d16e3de93d85dbf7d4148e3f018eb79e88554be9f75",
    "market_label": "Will Gavin Newsom win the 2028 Democratic presidential nomination?",
    "wallet": "0xa5e3044fd953605f9407d58c76e48fd75a394d7e",
    "size_usd": 80.0,
    "size": 80.0,
    "outcome": "Yes",
    "side": "Yes",
    "price": 0.251
  },
  {
    "timestamp": 1772666945,
    "market_id": "0x0f49db97f71c68b1e42a6d16e3de93d85dbf7d4148e3f018eb79e88554be9f75",
    "market_label": "Will Gavin Newsom win the 2028 Democratic presidential nomination?",
    "wallet": "0x2726f72bd5af3f9b4b3266a49b808255a885afef",
    "size_usd": 2118.0,
    "size": 2118.0,
    "outcome": "Yes",
    "side": "Yes",
    "price": 0.75
  },
  {
    "timestamp": 1772666927,
    "market_id": "0x0f49db97f71c68b1e42a6d16e3de93d85dbf7d4148e3f018eb79e88554be9f75",
    "market_label": "Will Gavin Newsom win the 2028 Democratic presidential nomination?",
    "wallet": "0x498a8b9671362d55289eee9f08df43f6645d0509",
    "size_usd": 50.0,
    "size": 50.0,
    "outcome": "Yes",
    "side": "Yes",
    "price": 0.752
  },
  {
    "timestamp": 1772666925,
    "market_id": "0x0f49db97f71c68b1e42a6d16e3de93d85dbf7d4148e3f018eb79e88554be9f75",
    "market_label": "Will Gavin Newsom win the 2028 Democratic presidential nomination?",
    "wallet": "0x498a8b9671362d55289eee9f08df43f6645d0509",
    "size_usd": 50.0,
    "size": 50.0,
    "outcome": "Yes",
    "side": "Yes",
    "price": 0.249
  },
  {
    "timestamp": 1772666573,
    "market_id": "0x0f49db97f71c68b1e42a6d16e3de93d85dbf7d4148e3f018eb79e88554be9f75",
    "market_label": "Will Gavin Newsom win the 2028 Democratic presidential nomination?",
    "wallet": "0xc422b6deaf16aa2a2afc77a8048a34e2b9ec9dfc",
    "size_usd": 931.51,
    "size": 931.51,
    "outcome": "Yes",
    "side": "Yes",
    "price": 0.7489753411128168
  },
  {
    "timestamp": 1772666527,
    "market_id": "0x0f49db97f71c68b1e42a6d16e3de93d85dbf7d4148e3f018eb79e88554be9f75",
    "market_label": "Will Gavin Newsom win the 2028 Democratic presidential nomination?",
    "wallet": "0xded22cb9f3159abae6b2336861aaa30d93a427dd",
    "size_usd": 1871.0,
    "size": 1871.0,
    "outcome": "Yes",
    "side": "Yes",
    "price": 0.254
  },
  {
    "timestamp": 1772666527,
    "market_id": "0x0f49db97f71c68b1e42a6d16e3de93d85dbf7d4148e3f018eb79e88554be9f75",
    "market_label": "Will Gavin Newsom win the 2028 Democratic presidential nomination?",
    "wallet": "0x5252fb1925ab250433a574a335cd2c679f3d41d6",
    "size_usd": 1871.0,
    "size": 1871.0,
    "outcome": "Yes",
    "side": "Yes",
    "price": 0.254
  },
  {
    "timestamp": 1772666479,
    "market_id": "0x0f49db97f71c68b1e42a6d16e3de93d85dbf7d4148e3f018eb79e88554be9f75",
    "market_label": "Will Gavin Newsom win the 2028 Democratic presidential nomination?",
    "wallet": "0xa5e3044fd953605f9407d58c76e48fd75a394d7e",
    "size_usd": 108.63,
    "size": 108.63,
    "outcome": "Yes",
    "side": "Yes",
    "price": 0.253
  },
  {
    "timestamp": 1772666469,
    "market_id": "0x0f49db97f71c68b1e42a6d16e3de93d85dbf7d4148e3f018eb79e88554be9f75",
    "market_label": "Will Gavin Newsom win the 2028 Democratic presidential nomination?",
    "wallet": "0x56d71774243294ea20934287b65b3a31f0ec1a7d",
    "size_usd": 2120.0,
    "size": 2120.0,
    "outcome": "Yes",
    "side": "Yes",
    "price": 0.747
  },
  {
    "timestamp": 1772666467,
    "market_id": "0x0f49db97f71c68b1e42a6d16e3de93d85dbf7d4148e3f018eb79e88554be9f75",
    "market_label": "Will Gavin Newsom win the 2028 Democratic presidential nomination?",
    "wallet": "0xc422b6deaf16aa2a2afc77a8048a34e2b9ec9dfc",
    "size_usd": 1537.0,
    "size": 1537.0,
    "outcome": "Yes",
    "side": "Yes",
    "price": 0.747
  },
  {
    "timestamp": 1772666467,
    "market_id": "0x0f49db97f71c68b1e42a6d16e3de93d85dbf7d4148e3f018eb79e88554be9f75",
    "market_label": "Will Gavin Newsom win the 2028 Democratic presidential nomination?",
    "wallet": "0x3dd9c297fac1a72bab39708f08dad87a1168bec5",
    "size_usd": 100.0,
    "size": 100.0,
    "outcome": "Yes",
    "side": "Yes",
    "price": 0.747
  },
  {
    "timestamp": 1772666467,
    "market_id": "0x0f49db97f71c68b1e42a6d16e3de93d85dbf7d4148e3f018eb79e88554be9f75",
    "market_label": "Will Gavin Newsom win the 2028 Democratic presidential nomination?",
    "wallet": "0x3dd9c297fac1a72bab39708f08dad87a1168bec5",
    "size_usd": 100.0,
    "size": 100.0,
    "outcome": "Yes",
    "side": "Yes",
    "price": 0.254
  },
  {
    "timestamp": 1772666419,
    "market_id": "0x0f49db97f71c68b1e42a6d16e3de93d85dbf7d4148e3f018eb79e88554be9f75",
    "market_label": "Will Gavin Newsom win the 2028 Democratic presidential nomination?",
    "wallet": "0xd6c2222ae00d99e97acd234f49ef164ab23ba53d",
    "size_usd": 317.0,
    "size": 317.0,
    "outcome": "Yes",
    "side": "Yes",
    "price": 0.254
  },
  {
    "timestamp": 1772666115,
    "market_id": "0x0f49db97f71c68b1e42a6d16e3de93d85dbf7d4148e3f018eb79e88554be9f75",
    "market_label": "Will Gavin Newsom win the 2028 Democratic presidential nomination?",
    "wallet": "0xa5e3044fd953605f9407d58c76e48fd75a394d7e",
    "size_usd": 80.0,
    "size": 80.0,
    "outcome": "Yes",
    "side": "Yes",
    "price": 0.253
  },
  {
    "timestamp": 1772666031,
    "market_id": "0x0f49db97f71c68b1e42a6d16e3de93d85dbf7d4148e3f018eb79e88554be9f75",
    "market_label": "Will Gavin Newsom win the 2028 Democratic presidential nomination?",
    "wallet": "0xa5e3044fd953605f9407d58c76e48fd75a394d7e",
    "size_usd": 132.87,
    "size": 132.87,
    "outcome": "Yes",
    "side": "Yes",
    "price": 0.253
  },
  {
    "timestamp": 1772665011,
    "market_id": "0x0f49db97f71c68b1e42a6d16e3de93d85dbf7d4148e3f018eb79e88554be9f75",
    "market_label": "Will Gavin Newsom win the 2028 Democratic presidential nomination?",
    "wallet": "0xa48f09d4a1d9fc99ed5682ebbe6b488d16e357d1",
    "size_usd": 745.0,
    "size": 745.0,
    "outcome": "No",
    "side": "No",
    "price": 0.746
  },
  {
    "timestamp": 1772664995,
    "market_id": "0x0f49db97f71c68b1e42a6d16e3de93d85dbf7d4148e3f018eb79e88554be9f75",
    "market_label": "Will Gavin Newsom win the 2028 Democratic presidential nomination?",
    "wallet": "0xa48f09d4a1d9fc99ed5682ebbe6b488d16e357d1",
    "size_usd": 1465.16,
    "size": 1465.16,
    "outcome": "No",
    "side": "No",
    "price": 0.75
  },
  {
    "timestamp": 1772664977,
    "market_id": "0x0f49db97f71c68b1e42a6d16e3de93d85dbf7d4148e3f018eb79e88554be9f75",
    "market_label": "Will Gavin Newsom win the 2028 Democratic presidential nomination?",
    "wallet": "0x92a716eeabdb1c83c0debe89206fece7f2d08612",
    "size_usd": 1773.0,
    "size": 1773.0,
    "outcome": "No",
    "side": "No",
    "price": 0.248
  },
  {
    "timestamp": 1772664975,
    "market_id": "0x0f49db97f71c68b1e42a6d16e3de93d85dbf7d4148e3f018eb79e88554be9f75",
    "market_label": "Will Gavin Newsom win the 2028 Democratic presidential nomination?",
    "wallet": "0xdabf7e9b446b1f3e3caed34582d7335e0bd87291",
    "size_usd": 590.37,
    "size": 590.37,
    "outcome": "No",
    "side": "No",
    "price": 0.752
  },
  {
    "timestamp": 1772664971,
    "market_id": "0x0f49db97f71c68b1e42a6d16e3de93d85dbf7d4148e3f018eb79e88554be9f75",
    "market_label": "Will Gavin Newsom win the 2028 Democratic presidential nomination?",
    "wallet": "0x547ea28465247cb32c8241a09c114b9602819ea0",
    "size_usd": 918.0,
    "size": 918.0,
    "outcome": "No",
    "side": "No",
    "price": 0.246
  },
  {
    "timestamp": 1772663645,
    "market_id": "0x0f49db97f71c68b1e42a6d16e3de93d85dbf7d4148e3f018eb79e88554be9f75",
    "market_label": "Will Gavin Newsom win the 2028 Democratic presidential nomination?",
    "wallet": "0x7013450618fdb0a58887e6c5553fe818ccd48bfa",
    "size_usd": 100.0,
    "size": 100.0,
    "outcome": "No",
    "side": "No",
    "price": 0.2472114
  },
  {
    "timestamp": 1772663643,
    "market_id": "0x0f49db97f71c68b1e42a6d16e3de93d85dbf7d4148e3f018eb79e88554be9f75",
    "market_label": "Will Gavin Newsom win the 2028 Democratic presidential nomination?",
    "wallet": "0xc945f981ba8293f976d9636c946b8e9f8b3a64a3",
    "size_usd": 60.0,
    "size": 60.0,
    "outcome": "No",
    "side": "No",
    "price": 0.247
  },
  {
    "timestamp": 1772663635,
    "market_id": "0x0f49db97f71c68b1e42a6d16e3de93d85dbf7d4148e3f018eb79e88554be9f75",
    "market_label": "Will Gavin Newsom win the 2028 Democratic presidential nomination?",
    "wallet": "0xc945f981ba8293f976d9636c946b8e9f8b3a64a3",
    "size_usd": 60.0,
    "size": 60.0,
    "outcome": "Yes",
    "side": "Yes",
    "price": 0.25
  },
  {
    "timestamp": 1772663633,
    "market_id": "0x0f49db97f71c68b1e42a6d16e3de93d85dbf7d4148e3f018eb79e88554be9f75",
    "market_label": "Will Gavin Newsom win the 2028 Democratic presidential nomination?",
    "wallet": "0x49314251831997510f3906f79530440fd36bcc66",
    "size_usd": 100.0,
    "size": 100.0,
    "outcome": "Yes",
    "side": "Yes",
    "price": 0.751
  },
  {
    "timestamp": 1772663633,
    "market_id": "0x0f49db97f71c68b1e42a6d16e3de93d85dbf7d4148e3f018eb79e88554be9f75",
    "market_label": "Will Gavin Newsom win the 2028 Democratic presidential nomination?",
    "wallet": "0x49314251831997510f3906f79530440fd36bcc66",
    "size_usd": 100.0,
    "size": 100.0,
    "outcome": "Yes",
    "side": "Yes",
    "price": 0.25
  },
  {
    "timestamp": 1772663633,
    "market_id": "0x0f49db97f71c68b1e42a6d16e3de93d85dbf7d4148e3f018eb79e88554be9f75",
    "market_label": "Will Gavin Newsom win the 2028 Democratic presidential nomination?",
    "wallet": "0x7013450618fdb0a58887e6c5553fe818ccd48bfa",
    "size_usd": 100.0,
    "size": 100.0,
    "outcome": "Yes",
    "side": "Yes",
    "price": 0.25
  },
  {
    "timestamp": 1772663633,
    "market_id": "0x0f49db97f71c68b1e42a6d16e3de93d85dbf7d4148e3f018eb79e88554be9f75",
    "market_label": "Will Gavin Newsom win the 2028 Democratic presidential nomination?",
    "wallet": "0x62ba78fd2e8a1cc8f7d13f674aae66601eeeb201",
    "size_usd": 130.0,
    "size": 130.0,
    "outcome": "Yes",
    "side": "Yes",
    "price": 0.25
  },
  {
    "timestamp": 1772663633,
    "market_id": "0x0f49db97f71c68b1e42a6d16e3de93d85dbf7d4148e3f018eb79e88554be9f75",
    "market_label": "Will Gavin Newsom win the 2028 Democratic presidential nomination?",
    "wallet": "0x62ba78fd2e8a1cc8f7d13f674aae66601eeeb201",
    "size_usd": 130.0,
    "size": 130.0,
    "outcome": "Yes",
    "side": "Yes",
    "price": 0.751
  },
  {
    "timestamp": 1772661601,
    "market_id": "0x0f49db97f71c68b1e42a6d16e3de93d85dbf7d4148e3f018eb79e88554be9f75",
    "market_label": "Will Gavin Newsom win the 2028 Democratic presidential nomination?",
    "wallet": "0x5af128be5c8008c26108bc1f591e5dd729d002d0",
    "size_usd": 60.0,
    "size": 60.0,
    "outcome": "Yes",
    "side": "Yes",
    "price": 0.25
  },
  {
    "timestamp": 1772660779,
    "market_id": "0x0f49db97f71c68b1e42a6d16e3de93d85dbf7d4148e3f018eb79e88554be9f75",
    "market_label": "Will Gavin Newsom win the 2028 Democratic presidential nomination?",
    "wallet": "0x6e665d08ea3bc4144b89f1c74d7965c7bf7b8bda",
    "size_usd": 2118.0,
    "size": 2118.0,
    "outcome": "Yes",
    "side": "Yes",
    "price": 0.249
  },
  {
    "timestamp": 1772660441,
    "market_id": "0x0f49db97f71c68b1e42a6d16e3de93d85dbf7d4148e3f018eb79e88554be9f75",
    "market_label": "Will Gavin Newsom win the 2028 Democratic presidential nomination?",
    "wallet": "0xa5e3044fd953605f9407d58c76e48fd75a394d7e",
    "size_usd": 68.01,
    "size": 68.01,
    "outcome": "Yes",
    "side": "Yes",
    "price": 0.249
  },
  {
    "timestamp": 1772660281,
    "market_id": "0x0f49db97f71c68b1e42a6d16e3de93d85dbf7d4148e3f018eb79e88554be9f75",
    "market_label": "Will Gavin Newsom win the 2028 Democratic presidential nomination?",
    "wallet": "0xf77c4dc0d656013b6cfe3017f9e222de950c58ee",
    "size_usd": 4622.0,
    "size": 4622.0,
    "outcome": "No",
    "side": "No",
    "price": 0.249
  },
  {
    "timestamp": 1772659595,
    "market_id": "0x0f49db97f71c68b1e42a6d16e3de93d85dbf7d4148e3f018eb79e88554be9f75",
    "market_label": "Will Gavin Newsom win the 2028 Democratic presidential nomination?",
    "wallet": "0x92a716eeabdb1c83c0debe89206fece7f2d08612",
    "size_usd": 1773.0,
    "size": 1773.0,
    "outcome": "Yes",
    "side": "Yes",
    "price": 0.249
  },
  {
    "timestamp": 1772659595,
    "market_id": "0x0f49db97f71c68b1e42a6d16e3de93d85dbf7d4148e3f018eb79e88554be9f75",
    "market_label": "Will Gavin Newsom win the 2028 Democratic presidential nomination?",
    "wallet": "0xa48f09d4a1d9fc99ed5682ebbe6b488d16e357d1",
    "size_usd": 2691.0,
    "size": 2691.0,
    "outcome": "Yes",
    "side": "Yes",
    "price": 0.751
  },
  {
    "timestamp": 1772659379,
    "market_id": "0x0f49db97f71c68b1e42a6d16e3de93d85dbf7d4148e3f018eb79e88554be9f75",
    "market_label": "Will Gavin Newsom win the 2028 Democratic presidential nomination?",
    "wallet": "0x5fccf1e41b40bbf90673b4372f7d17050ae1a5a7",
    "size_usd": 80.0,
    "size": 80.0,
    "outcome": "No",
    "side": "No",
    "price": 0.249
  },
  {
    "timestamp": 1772659341,
    "market_id": "0x0f49db97f71c68b1e42a6d16e3de93d85dbf7d4148e3f018eb79e88554be9f75",
    "market_label": "Will Gavin Newsom win the 2028 Democratic presidential nomination?",
    "wallet": "0xbd8ad49e0517e5914f96ffddd304a30cb568de40",
    "size_usd": 1541.0,
    "size": 1541.0,
    "outcome": "No",
    "side": "No",
    "price": 0.75
  },
  {
    "timestamp": 1772659341,
    "market_id": "0x0f49db97f71c68b1e42a6d16e3de93d85dbf7d4148e3f018eb79e88554be9f75",
    "market_label": "Will Gavin Newsom win the 2028 Democratic presidential nomination?",
    "wallet": "0x2ac221f0f12f866e5d4a0d0fdf66ff163f72a1b9",
    "size_usd": 776.0,
    "size": 776.0,
    "outcome": "No",
    "side": "No",
    "price": 0.75
  },
  {
    "timestamp": 1772659341,
    "market_id": "0x0f49db97f71c68b1e42a6d16e3de93d85dbf7d4148e3f018eb79e88554be9f75",
    "market_label": "Will Gavin Newsom win the 2028 Democratic presidential nomination?",
    "wallet": "0xf42380697d6709b73b41d545443ad66eb414a301",
    "size_usd": 1037.0,
    "size": 1037.0,
    "outcome": "No",
    "side": "No",
    "price": 0.75
  },
  {
    "timestamp": 1772659341,
    "market_id": "0x0f49db97f71c68b1e42a6d16e3de93d85dbf7d4148e3f018eb79e88554be9f75",
    "market_label": "Will Gavin Newsom win the 2028 Democratic presidential nomination?",
    "wallet": "0x145f92ab0b2d722d125388c0bd97f5f01dbf45e0",
    "size_usd": 910.0,
    "size": 910.0,
    "outcome": "No",
    "side": "No",
    "price": 0.75
  },
  {
    "timestamp": 1772659341,
    "market_id": "0x0f49db97f71c68b1e42a6d16e3de93d85dbf7d4148e3f018eb79e88554be9f75",
    "market_label": "Will Gavin Newsom win the 2028 Democratic presidential nomination?",
    "wallet": "0x63d1860c87bb805fa924c0fbb657bff44318d42a",
    "size_usd": 1586.0,
    "size": 1586.0,
    "outcome": "No",
    "side": "No",
    "price": 0.75
  },
  {
    "timestamp": 1772659323,
    "market_id": "0x0f49db97f71c68b1e42a6d16e3de93d85dbf7d4148e3f018eb79e88554be9f75",
    "market_label": "Will Gavin Newsom win the 2028 Democratic presidential nomination?",
    "wallet": "0x2ac221f0f12f866e5d4a0d0fdf66ff163f72a1b9",
    "size_usd": 494.0,
    "size": 494.0,
    "outcome": "No",
    "side": "No",
    "price": 0.752
  },
  {
    "timestamp": 1772659279,
    "market_id": "0x0f49db97f71c68b1e42a6d16e3de93d85dbf7d4148e3f018eb79e88554be9f75",
    "market_label": "Will Gavin Newsom win the 2028 Democratic presidential nomination?",
    "wallet": "0x63d1860c87bb805fa924c0fbb657bff44318d42a",
    "size_usd": 1586.0,
    "size": 1586.0,
    "outcome": "Yes",
    "side": "Yes",
    "price": 0.753
  },
  {
    "timestamp": 1772659277,
    "market_id": "0x0f49db97f71c68b1e42a6d16e3de93d85dbf7d4148e3f018eb79e88554be9f75",
    "market_label": "Will Gavin Newsom win the 2028 Democratic presidential nomination?",
    "wallet": "0x2ac221f0f12f866e5d4a0d0fdf66ff163f72a1b9",
    "size_usd": 1270.0,
    "size": 1270.0,
    "outcome": "Yes",
    "side": "Yes",
    "price": 0.753
  },
  {
    "timestamp": 1772659253,
    "market_id": "0x0f49db97f71c68b1e42a6d16e3de93d85dbf7d4148e3f018eb79e88554be9f75",
    "market_label": "Will Gavin Newsom win the 2028 Democratic presidential nomination?",
    "wallet": "0x657d850dd6141a9c9d7fd6df28ed1e8324f772fe",
    "size_usd": 80.1,
    "size": 80.1,
    "outcome": "No",
    "side": "No",
    "price": 0.752
  },
  {
    "timestamp": 1772659241,
    "market_id": "0x0f49db97f71c68b1e42a6d16e3de93d85dbf7d4148e3f018eb79e88554be9f75",
    "market_label": "Will Gavin Newsom win the 2028 Democratic presidential nomination?",
    "wallet": "0x657d850dd6141a9c9d7fd6df28ed1e8324f772fe",
    "size_usd": 80.10624,
    "size": 80.10624,
    "outcome": "Yes",
    "side": "Yes",
    "price": 0.7529999910119362
  },
  {
    "timestamp": 1772659239,
    "market_id": "0x0f49db97f71c68b1e42a6d16e3de93d85dbf7d4148e3f018eb79e88554be9f75",
    "market_label": "Will Gavin Newsom win the 2028 Democratic presidential nomination?",
    "wallet": "0x4477fdf7ed3760c177ba8b655200670f1b2e861a",
    "size_usd": 74.87,
    "size": 74.87,
    "outcome": "No",
    "side": "No",
    "price": 0.247
  },
  {
    "timestamp": 1772659239,
    "market_id": "0x0f49db97f71c68b1e42a6d16e3de93d85dbf7d4148e3f018eb79e88554be9f75",
    "market_label": "Will Gavin Newsom win the 2028 Democratic presidential nomination?",
    "wallet": "0x872c5953ba25f9552c0294506cd908dcc20f99b1",
    "size_usd": 100.0,
    "size": 100.0,
    "outcome": "Yes",
    "side": "Yes",
    "price": 0.247
  },
  {
    "timestamp": 1772659239,
    "market_id": "0x0f49db97f71c68b1e42a6d16e3de93d85dbf7d4148e3f018eb79e88554be9f75",
    "market_label": "Will Gavin Newsom win the 2028 Democratic presidential nomination?",
    "wallet": "0xeb00d2472d30a0406820ff7bd0d73992051b1cc7",
    "size_usd": 110.0,
    "size": 110.0,
    "outcome": "Yes",
    "side": "Yes",
    "price": 0.754
  },
  {
    "timestamp": 1772659239,
    "market_id": "0x0f49db97f71c68b1e42a6d16e3de93d85dbf7d4148e3f018eb79e88554be9f75",
    "market_label": "Will Gavin Newsom win the 2028 Democratic presidential nomination?",
    "wallet": "0xed73c64a441c99d19da5fbd050bf2cc9303031bf",
    "size_usd": 120.0,
    "size": 120.0,
    "outcome": "Yes",
    "side": "Yes",
    "price": 0.247
  },
  {
    "timestamp": 1772659239,
    "market_id": "0x0f49db97f71c68b1e42a6d16e3de93d85dbf7d4148e3f018eb79e88554be9f75",
    "market_label": "Will Gavin Newsom win the 2028 Democratic presidential nomination?",
    "wallet": "0xed73c64a441c99d19da5fbd050bf2cc9303031bf",
    "size_usd": 120.0,
    "size": 120.0,
    "outcome": "Yes",
    "side": "Yes",
    "price": 0.754
  },
  {
    "timestamp": 1772659239,
    "market_id": "0x0f49db97f71c68b1e42a6d16e3de93d85dbf7d4148e3f018eb79e88554be9f75",
    "market_label": "Will Gavin Newsom win the 2028 Democratic presidential nomination?",
    "wallet": "0x6895d15cbdc78672832539830302cc2133c73143",
    "size_usd": 80.0,
    "size": 80.0,
    "outcome": "Yes",
    "side": "Yes",
    "price": 0.247
  },
  {
    "timestamp": 1772659239,
    "market_id": "0x0f49db97f71c68b1e42a6d16e3de93d85dbf7d4148e3f018eb79e88554be9f75",
    "market_label": "Will Gavin Newsom win the 2028 Democratic presidential nomination?",
    "wallet": "0x13aff983a75ca690f0336066d4caf41df3f25e0d",
    "size_usd": 4352.13,
    "size": 4352.13,
    "outcome": "Yes",
    "side": "Yes",
    "price": 0.247
  },
  {
    "timestamp": 1772659239,
    "market_id": "0x0f49db97f71c68b1e42a6d16e3de93d85dbf7d4148e3f018eb79e88554be9f75",
    "market_label": "Will Gavin Newsom win the 2028 Democratic presidential nomination?",
    "wallet": "0x872c5953ba25f9552c0294506cd908dcc20f99b1",
    "size_usd": 100.0,
    "size": 100.0,
    "outcome": "Yes",
    "side": "Yes",
    "price": 0.754
  },
  {
    "timestamp": 1772659239,
    "market_id": "0x0f49db97f71c68b1e42a6d16e3de93d85dbf7d4148e3f018eb79e88554be9f75",
    "market_label": "Will Gavin Newsom win the 2028 Democratic presidential nomination?",
    "wallet": "0x6895d15cbdc78672832539830302cc2133c73143",
    "size_usd": 80.0,
    "size": 80.0,
    "outcome": "Yes",
    "side": "Yes",
    "price": 0.754
  },
  {
    "timestamp": 1772659239,
    "market_id": "0x0f49db97f71c68b1e42a6d16e3de93d85dbf7d4148e3f018eb79e88554be9f75",
    "market_label": "Will Gavin Newsom win the 2028 Democratic presidential nomination?",
    "wallet": "0xeb00d2472d30a0406820ff7bd0d73992051b1cc7",
    "size_usd": 110.0,
    "size": 110.0,
    "outcome": "Yes",
    "side": "Yes",
    "price": 0.247
  },
  {
    "timestamp": 1772659239,
    "market_id": "0x0f49db97f71c68b1e42a6d16e3de93d85dbf7d4148e3f018eb79e88554be9f75",
    "market_label": "Will Gavin Newsom win the 2028 Democratic presidential nomination?",
    "wallet": "0x5fccf1e41b40bbf90673b4372f7d17050ae1a5a7",
    "size_usd": 1498.0,
    "size": 1498.0,
    "outcome": "Yes",
    "side": "Yes",
    "price": 0.247
  },
  {
    "timestamp": 1772657829,
    "market_id": "0x0f49db97f71c68b1e42a6d16e3de93d85dbf7d4148e3f018eb79e88554be9f75",
    "market_label": "Will Gavin Newsom win the 2028 Democratic presidential nomination?",
    "wallet": "0xa5e3044fd953605f9407d58c76e48fd75a394d7e",
    "size_usd": 148.32,
    "size": 148.32,
    "outcome": "Yes",
    "side": "Yes",
    "price": 0.248
  },
  {
    "timestamp": 1772656647,
    "market_id": "0x0f49db97f71c68b1e42a6d16e3de93d85dbf7d4148e3f018eb79e88554be9f75",
    "market_label": "Will Gavin Newsom win the 2028 Democratic presidential nomination?",
    "wallet": "0xb4c9a9034b521c14f6ec2dd97e7e36a8c7e03a80",
    "size_usd": 66.0,
    "size": 66.0,
    "outcome": "Yes",
    "side": "Yes",
    "price": 0.249
  },
  {
    "timestamp": 1772656609,
    "market_id": "0x0f49db97f71c68b1e42a6d16e3de93d85dbf7d4148e3f018eb79e88554be9f75",
    "market_label": "Will Gavin Newsom win the 2028 Democratic presidential nomination?",
    "wallet": "0x9ffd4748139282d3a3a6e99ea87328b11192ff2f",
    "size_usd": 1106.0,
    "size": 1106.0,
    "outcome": "Yes",
    "side": "Yes",
    "price": 0.752
  },
  {
    "timestamp": 1772656607,
    "market_id": "0x0f49db97f71c68b1e42a6d16e3de93d85dbf7d4148e3f018eb79e88554be9f75",
    "market_label": "Will Gavin Newsom win the 2028 Democratic presidential nomination?",
    "wallet": "0xb4c9a9034b521c14f6ec2dd97e7e36a8c7e03a80",
    "size_usd": 993.36,
    "size": 993.36,
    "outcome": "Yes",
    "side": "Yes",
    "price": 0.248
  },
  {
    "timestamp": 1772656601,
    "market_id": "0x0f49db97f71c68b1e42a6d16e3de93d85dbf7d4148e3f018eb79e88554be9f75",
    "market_label": "Will Gavin Newsom win the 2028 Democratic presidential nomination?",
    "wallet": "0xd8ed6fb82c760514231727d8943889b5b3ba455f",
    "size_usd": 943.35,
    "size": 943.35,
    "outcome": "Yes",
    "side": "Yes",
    "price": 0.249
  },
  {
    "timestamp": 1772656601,
    "market_id": "0x0f49db97f71c68b1e42a6d16e3de93d85dbf7d4148e3f018eb79e88554be9f75",
    "market_label": "Will Gavin Newsom win the 2028 Democratic presidential nomination?",
    "wallet": "0x145f92ab0b2d722d125388c0bd97f5f01dbf45e0",
    "size_usd": 910.0,
    "size": 910.0,
    "outcome": "Yes",
    "side": "Yes",
    "price": 0.751
  },
  {
    "timestamp": 1772656601,
    "market_id": "0x0f49db97f71c68b1e42a6d16e3de93d85dbf7d4148e3f018eb79e88554be9f75",
    "market_label": "Will Gavin Newsom win the 2028 Democratic presidential nomination?",
    "wallet": "0xa6b28072fb94c5b8aee16b68e92ba214a67d2659",
    "size_usd": 603.65,
    "size": 603.65,
    "outcome": "Yes",
    "side": "Yes",
    "price": 0.751
  },
  {
    "timestamp": 1772656601,
    "market_id": "0x0f49db97f71c68b1e42a6d16e3de93d85dbf7d4148e3f018eb79e88554be9f75",
    "market_label": "Will Gavin Newsom win the 2028 Democratic presidential nomination?",
    "wallet": "0x4477fdf7ed3760c177ba8b655200670f1b2e861a",
    "size_usd": 1411.0,
    "size": 1411.0,
    "outcome": "Yes",
    "side": "Yes",
    "price": 0.249
  },
  {
    "timestamp": 1772656601,
    "market_id": "0x0f49db97f71c68b1e42a6d16e3de93d85dbf7d4148e3f018eb79e88554be9f75",
    "market_label": "Will Gavin Newsom win the 2028 Democratic presidential nomination?",
    "wallet": "0x962be931c569d66efdac6e5f7a4f8b6335c9f7a9",
    "size_usd": 1928.35,
    "size": 1928.35,
    "outcome": "Yes",
    "side": "Yes",
    "price": 0.249
  },
  {
    "timestamp": 1772656601,
    "market_id": "0x0f49db97f71c68b1e42a6d16e3de93d85dbf7d4148e3f018eb79e88554be9f75",
    "market_label": "Will Gavin Newsom win the 2028 Democratic presidential nomination?",
    "wallet": "0xf42380697d6709b73b41d545443ad66eb414a301",
    "size_usd": 528.65,
    "size": 528.65,
    "outcome": "Yes",
    "side": "Yes",
    "price": 0.751
  },
  {
    "timestamp": 1772656579,
    "market_id": "0x0f49db97f71c68b1e42a6d16e3de93d85dbf7d4148e3f018eb79e88554be9f75",
    "market_label": "Will Gavin Newsom win the 2028 Democratic presidential nomination?",
    "wallet": "0x2e8a8f1bb9d248b9b7ce7c96e271a5a13ad39084",
    "size_usd": 1779.0,
    "size": 1779.0,
    "outcome": "Yes",
    "side": "Yes",
    "price": 0.751
  },
  {
    "timestamp": 1772656579,
    "market_id": "0x0f49db97f71c68b1e42a6d16e3de93d85dbf7d4148e3f018eb79e88554be9f75",
    "market_label": "Will Gavin Newsom win the 2028 Democratic presidential nomination?",
    "wallet": "0xa0ddd5412a847c9d45cf82813031acc091119150",
    "size_usd": 2843.0,
    "size": 2843.0,
    "outcome": "Yes",
    "side": "Yes",
    "price": 0.751
  },
  {
    "timestamp": 1772656421,
    "market_id": "0x0f49db97f71c68b1e42a6d16e3de93d85dbf7d4148e3f018eb79e88554be9f75",
    "market_label": "Will Gavin Newsom win the 2028 Democratic presidential nomination?",
    "wallet": "0x86b16ec041e6f5c8c616dc18061a43ba8430b292",
    "size_usd": 60.0,
    "size": 60.0,
    "outcome": "Yes",
    "side": "Yes",
    "price": 0.25
  },
  {
    "timestamp": 1772656421,
    "market_id": "0x0f49db97f71c68b1e42a6d16e3de93d85dbf7d4148e3f018eb79e88554be9f75",
    "market_label": "Will Gavin Newsom win the 2028 Democratic presidential nomination?",
    "wallet": "0x23ae7c42dbfe6f7457bc9d5dad7b5d9ee04eb673",
    "size_usd": 100.0,
    "size": 100.0,
    "outcome": "Yes",
    "side": "Yes",
    "price": 0.751
  },
  {
    "timestamp": 1772656421,
    "market_id": "0x0f49db97f71c68b1e42a6d16e3de93d85dbf7d4148e3f018eb79e88554be9f75",
    "market_label": "Will Gavin Newsom win the 2028 Democratic presidential nomination?",
    "wallet": "0x86b16ec041e6f5c8c616dc18061a43ba8430b292",
    "size_usd": 60.0,
    "size": 60.0,
    "outcome": "Yes",
    "side": "Yes",
    "price": 0.751
  },
  {
    "timestamp": 1772656421,
    "market_id": "0x0f49db97f71c68b1e42a6d16e3de93d85dbf7d4148e3f018eb79e88554be9f75",
    "market_label": "Will Gavin Newsom win the 2028 Democratic presidential nomination?",
    "wallet": "0x23ae7c42dbfe6f7457bc9d5dad7b5d9ee04eb673",
    "size_usd": 100.0,
    "size": 100.0,
    "outcome": "Yes",
    "side": "Yes",
    "price": 0.25
  },
  {
    "timestamp": 1772656307,
    "market_id": "0x0f49db97f71c68b1e42a6d16e3de93d85dbf7d4148e3f018eb79e88554be9f75",
    "market_label": "Will Gavin Newsom win the 2028 Democratic presidential nomination?",
    "wallet": "0xa5e3044fd953605f9407d58c76e48fd75a394d7e",
    "size_usd": 92.0,
    "size": 92.0,
    "outcome": "Yes",
    "side": "Yes",
    "price": 0.251
  },
  {
    "timestamp": 1772656265,
    "market_id": "0x0f49db97f71c68b1e42a6d16e3de93d85dbf7d4148e3f018eb79e88554be9f75",
    "market_label": "Will Gavin Newsom win the 2028 Democratic presidential nomination?",
    "wallet": "0xd6c2222ae00d99e97acd234f49ef164ab23ba53d",
    "size_usd": 62.0,
    "size": 62.0,
    "outcome": "No",
    "side": "No",
    "price": 0.251
  },
  {
    "timestamp": 1772656011,
    "market_id": "0x0f49db97f71c68b1e42a6d16e3de93d85dbf7d4148e3f018eb79e88554be9f75",
    "market_label": "Will Gavin Newsom win the 2028 Democratic presidential nomination?",
    "wallet": "0xa5e3044fd953605f9407d58c76e48fd75a394d7e",
    "size_usd": 77.47,
    "size": 77.47,
    "outcome": "Yes",
    "side": "Yes",
    "price": 0.253
  },
  {
    "timestamp": 1772655991,
    "market_id": "0x0f49db97f71c68b1e42a6d16e3de93d85dbf7d4148e3f018eb79e88554be9f75",
    "market_label": "Will Gavin Newsom win the 2028 Democratic presidential nomination?",
    "wallet": "0xff66601ef0dca93c69ecb2339041d6d5e9c90183",
    "size_usd": 1814.0,
    "size": 1814.0,
    "outcome": "No",
    "side": "No",
    "price": 0.746
  },
  {
    "timestamp": 1772655973,
    "market_id": "0x0f49db97f71c68b1e42a6d16e3de93d85dbf7d4148e3f018eb79e88554be9f75",
    "market_label": "Will Gavin Newsom win the 2028 Democratic presidential nomination?",
    "wallet": "0xff66601ef0dca93c69ecb2339041d6d5e9c90183",
    "size_usd": 1186.16,
    "size": 1186.16,
    "outcome": "No",
    "side": "No",
    "price": 0.748
  },
  {
    "timestamp": 1772655971,
    "market_id": "0x0f49db97f71c68b1e42a6d16e3de93d85dbf7d4148e3f018eb79e88554be9f75",
    "market_label": "Will Gavin Newsom win the 2028 Democratic presidential nomination?",
    "wallet": "0x8d355d96a0cc8527aa9763bb0f2c4cd039844419",
    "size_usd": 1348.0,
    "size": 1348.0,
    "outcome": "No",
    "side": "No",
    "price": 0.7488585163204747
  },
  {
    "timestamp": 1772655969,
    "market_id": "0x0f49db97f71c68b1e42a6d16e3de93d85dbf7d4148e3f018eb79e88554be9f75",
    "market_label": "Will Gavin Newsom win the 2028 Democratic presidential nomination?",
    "wallet": "0x8ce2cf9842c0e7940469272e43cb6ad12669231d",
    "size_usd": 495.25,
    "size": 495.25,
    "outcome": "No",
    "side": "No",
    "price": 0.251
  },
  {
    "timestamp": 1772655967,
    "market_id": "0x0f49db97f71c68b1e42a6d16e3de93d85dbf7d4148e3f018eb79e88554be9f75",
    "market_label": "Will Gavin Newsom win the 2028 Democratic presidential nomination?",
    "wallet": "0xc8a63d82e386f9ed47ff08d70f388b0b842d7ba1",
    "size_usd": 1439.59,
    "size": 1439.59,
    "outcome": "No",
    "side": "No",
    "price": 0.252
  },
  {
    "timestamp": 1772655941,
    "market_id": "0x0f49db97f71c68b1e42a6d16e3de93d85dbf7d4148e3f018eb79e88554be9f75",
    "market_label": "Will Gavin Newsom win the 2028 Democratic presidential nomination?",
    "wallet": "0xe8f6430eb2869b53f4d743de16f9f4eb68c71905",
    "size_usd": 529.37,
    "size": 529.37,
    "outcome": "No",
    "side": "No",
    "price": 0.252
  },
  {
    "timestamp": 1772654055,
    "market_id": "0x0f49db97f71c68b1e42a6d16e3de93d85dbf7d4148e3f018eb79e88554be9f75",
    "market_label": "Will Gavin Newsom win the 2028 Democratic presidential nomination?",
    "wallet": "0xd362566464efa05a15a3d7ce3224067564879bc4",
    "size_usd": 69.99,
    "size": 69.99,
    "outcome": "No",
    "side": "No",
    "price": 0.746
  },
  {
    "timestamp": 1772653651,
    "market_id": "0x0f49db97f71c68b1e42a6d16e3de93d85dbf7d4148e3f018eb79e88554be9f75",
    "market_label": "Will Gavin Newsom win the 2028 Democratic presidential nomination?",
    "wallet": "0x023c60f5f4d730af3980d45d48e9638703c7bdaf",
    "size_usd": 855.76,
    "size": 855.76,
    "outcome": "Yes",
    "side": "Yes",
    "price": 0.253
  },
  {
    "timestamp": 1772652999,
    "market_id": "0x0f49db97f71c68b1e42a6d16e3de93d85dbf7d4148e3f018eb79e88554be9f75",
    "market_label": "Will Gavin Newsom win the 2028 Democratic presidential nomination?",
    "wallet": "0xff66601ef0dca93c69ecb2339041d6d5e9c90183",
    "size_usd": 3001.0,
    "size": 3001.0,
    "outcome": "Yes",
    "side": "Yes",
    "price": 0.748
  },
  {
    "timestamp": 1772652999,
    "market_id": "0x0f49db97f71c68b1e42a6d16e3de93d85dbf7d4148e3f018eb79e88554be9f75",
    "market_label": "Will Gavin Newsom win the 2028 Democratic presidential nomination?",
    "wallet": "0x8d355d96a0cc8527aa9763bb0f2c4cd039844419",
    "size_usd": 1348.0,
    "size": 1348.0,
    "outcome": "Yes",
    "side": "Yes",
    "price": 0.748
  },
  {
    "timestamp": 1772652985,
    "market_id": "0x0f49db97f71c68b1e42a6d16e3de93d85dbf7d4148e3f018eb79e88554be9f75",
    "market_label": "Will Gavin Newsom win the 2028 Democratic presidential nomination?",
    "wallet": "0xa5e3044fd953605f9407d58c76e48fd75a394d7e",
    "size_usd": 88.75,
    "size": 88.75,
    "outcome": "Yes",
    "side": "Yes",
    "price": 0.252
  },
  {
    "timestamp": 1772652617,
    "market_id": "0x0f49db97f71c68b1e42a6d16e3de93d85dbf7d4148e3f018eb79e88554be9f75",
    "market_label": "Will Gavin Newsom win the 2028 Democratic presidential nomination?",
    "wallet": "0xa330174e35074aeec03213d5ec2a9899c5779d33",
    "size_usd": 178.73,
    "size": 178.73,
    "outcome": "No",
    "side": "No",
    "price": 0.747
  },
  {
    "timestamp": 1772652617,
    "market_id": "0x0f49db97f71c68b1e42a6d16e3de93d85dbf7d4148e3f018eb79e88554be9f75",
    "market_label": "Will Gavin Newsom win the 2028 Democratic presidential nomination?",
    "wallet": "0x86d399826d9b654de862902fbe1ea92c2e7b6196",
    "size_usd": 70.0,
    "size": 70.0,
    "outcome": "Yes",
    "side": "Yes",
    "price": 0.253
  },
  {
    "timestamp": 1772652617,
    "market_id": "0x0f49db97f71c68b1e42a6d16e3de93d85dbf7d4148e3f018eb79e88554be9f75",
    "market_label": "Will Gavin Newsom win the 2028 Democratic presidential nomination?",
    "wallet": "0x86d399826d9b654de862902fbe1ea92c2e7b6196",
    "size_usd": 70.0,
    "size": 70.0,
    "outcome": "Yes",
    "side": "Yes",
    "price": 0.748
  },
  {
    "timestamp": 1772652537,
    "market_id": "0x0f49db97f71c68b1e42a6d16e3de93d85dbf7d4148e3f018eb79e88554be9f75",
    "market_label": "Will Gavin Newsom win the 2028 Democratic presidential nomination?",
    "wallet": "0xbdcebcb4f75954238d9e177c141ab70577f55112",
    "size_usd": 500.0,
    "size": 500.0,
    "outcome": "Yes",
    "side": "Yes",
    "price": 0.2518384
  },
  {
    "timestamp": 1772651705,
    "market_id": "0x0f49db97f71c68b1e42a6d16e3de93d85dbf7d4148e3f018eb79e88554be9f75",
    "market_label": "Will Gavin Newsom win the 2028 Democratic presidential nomination?",
    "wallet": "0x966b5dc3ac4c7281f102661dbf2eb96bd22d3e9f",
    "size_usd": 50.0,
    "size": 50.0,
    "outcome": "Yes",
    "side": "Yes",
    "price": 0.25
  },
  {
    "timestamp": 1772651705,
    "market_id": "0x0f49db97f71c68b1e42a6d16e3de93d85dbf7d4148e3f018eb79e88554be9f75",
    "market_label": "Will Gavin Newsom win the 2028 Democratic presidential nomination?",
    "wallet": "0x966b5dc3ac4c7281f102661dbf2eb96bd22d3e9f",
    "size_usd": 50.0,
    "size": 50.0,
    "outcome": "Yes",
    "side": "Yes",
    "price": 0.751
  },
  {
    "timestamp": 1772650767,
    "market_id": "0x0f49db97f71c68b1e42a6d16e3de93d85dbf7d4148e3f018eb79e88554be9f75",
    "market_label": "Will Gavin Newsom win the 2028 Democratic presidential nomination?",
    "wallet": "0xf77c4dc0d656013b6cfe3017f9e222de950c58ee",
    "size_usd": 4622.0,
    "size": 4622.0,
    "outcome": "Yes",
    "side": "Yes",
    "price": 0.25
  },
  {
    "timestamp": 1772648571,
    "market_id": "0x0f49db97f71c68b1e42a6d16e3de93d85dbf7d4148e3f018eb79e88554be9f75",
    "market_label": "Will Gavin Newsom win the 2028 Democratic presidential nomination?",
    "wallet": "0xa5e3044fd953605f9407d58c76e48fd75a394d7e",
    "size_usd": 63.45,
    "size": 63.45,
    "outcome": "Yes",
    "side": "Yes",
    "price": 0.253
  },
  {
    "timestamp": 1772648497,
    "market_id": "0x0f49db97f71c68b1e42a6d16e3de93d85dbf7d4148e3f018eb79e88554be9f75",
    "market_label": "Will Gavin Newsom win the 2028 Democratic presidential nomination?",
    "wallet": "0x05a649ceab04c02ef4fdfd06691f0fbb2c0f1d99",
    "size_usd": 99.0,
    "size": 99.0,
    "outcome": "Yes",
    "side": "Yes",
    "price": 0.7491919191919192
  },
  {
    "timestamp": 1772648455,
    "market_id": "0x0f49db97f71c68b1e42a6d16e3de93d85dbf7d4148e3f018eb79e88554be9f75",
    "market_label": "Will Gavin Newsom win the 2028 Democratic presidential nomination?",
    "wallet": "0xf2b5cfa448e01a12f7593cab009851b10e28b3d8",
    "size_usd": 111.053332,
    "size": 111.053332,
    "outcome": "Yes",
    "side": "Yes",
    "price": 0.7496398126982808
  },
  {
    "timestamp": 1772648439,
    "market_id": "0x0f49db97f71c68b1e42a6d16e3de93d85dbf7d4148e3f018eb79e88554be9f75",
    "market_label": "Will Gavin Newsom win the 2028 Democratic presidential nomination?",
    "wallet": "0x04022289c30f0d5f4e4a79fe43145a0dfe8e383f",
    "size_usd": 70.0,
    "size": 70.0,
    "outcome": "Yes",
    "side": "Yes",
    "price": 0.747
  },
  {
    "timestamp": 1772648439,
    "market_id": "0x0f49db97f71c68b1e42a6d16e3de93d85dbf7d4148e3f018eb79e88554be9f75",
    "market_label": "Will Gavin Newsom win the 2028 Democratic presidential nomination?",
    "wallet": "0xa5e3044fd953605f9407d58c76e48fd75a394d7e",
    "size_usd": 77.0,
    "size": 77.0,
    "outcome": "Yes",
    "side": "Yes",
    "price": 0.253
  },
  {
    "timestamp": 1772648439,
    "market_id": "0x0f49db97f71c68b1e42a6d16e3de93d85dbf7d4148e3f018eb79e88554be9f75",
    "market_label": "Will Gavin Newsom win the 2028 Democratic presidential nomination?",
    "wallet": "0x04710eaea460737c896183528e84723b0f6d496f",
    "size_usd": 90.0,
    "size": 90.0,
    "outcome": "Yes",
    "side": "Yes",
    "price": 0.254
  },
  {
    "timestamp": 1772648439,
    "market_id": "0x0f49db97f71c68b1e42a6d16e3de93d85dbf7d4148e3f018eb79e88554be9f75",
    "market_label": "Will Gavin Newsom win the 2028 Democratic presidential nomination?",
    "wallet": "0x04710eaea460737c896183528e84723b0f6d496f",
    "size_usd": 90.0,
    "size": 90.0,
    "outcome": "Yes",
    "side": "Yes",
    "price": 0.747
  },
  {
    "timestamp": 1772648439,
    "market_id": "0x0f49db97f71c68b1e42a6d16e3de93d85dbf7d4148e3f018eb79e88554be9f75",
    "market_label": "Will Gavin Newsom win the 2028 Democratic presidential nomination?",
    "wallet": "0x04022289c30f0d5f4e4a79fe43145a0dfe8e383f",
    "size_usd": 70.0,
    "size": 70.0,
    "outcome": "Yes",
    "side": "Yes",
    "price": 0.254
  },
  {
    "timestamp": 1772648397,
    "market_id": "0x0f49db97f71c68b1e42a6d16e3de93d85dbf7d4148e3f018eb79e88554be9f75",
    "market_label": "Will Gavin Newsom win the 2028 Democratic presidential nomination?",
    "wallet": "0xb7836781e0c17f90e2d9b67f72af855d419ec25c",
    "size_usd": 209.880477,
    "size": 209.880477,
    "outcome": "Yes",
    "side": "Yes",
    "price": 0.25099999653612376
  },
  {
    "timestamp": 1772647039,
    "market_id": "0x0f49db97f71c68b1e42a6d16e3de93d85dbf7d4148e3f018eb79e88554be9f75",
    "market_label": "Will Gavin Newsom win the 2028 Democratic presidential nomination?",
    "wallet": "0x20400fd0c8060fa1e0dd0c71fc63433053c21089",
    "size_usd": 787.401573,
    "size": 787.401573,
    "outcome": "Yes",
    "side": "Yes",
    "price": 0.25399999931166
  },
  {
    "timestamp": 1772646493,
    "market_id": "0x0f49db97f71c68b1e42a6d16e3de93d85dbf7d4148e3f018eb79e88554be9f75",
    "market_label": "Will Gavin Newsom win the 2028 Democratic presidential nomination?",
    "wallet": "0xd6c2222ae00d99e97acd234f49ef164ab23ba53d",
    "size_usd": 119.0,
    "size": 119.0,
    "outcome": "Yes",
    "side": "Yes",
    "price": 0.252
  },
  {
    "timestamp": 1772645519,
    "market_id": "0x0f49db97f71c68b1e42a6d16e3de93d85dbf7d4148e3f018eb79e88554be9f75",
    "market_label": "Will Gavin Newsom win the 2028 Democratic presidential nomination?",
    "wallet": "0xa5e3044fd953605f9407d58c76e48fd75a394d7e",
    "size_usd": 60.0,
    "size": 60.0,
    "outcome": "Yes",
    "side": "Yes",
    "price": 0.253
  },
  {
    "timestamp": 1772645495,
    "market_id": "0x0f49db97f71c68b1e42a6d16e3de93d85dbf7d4148e3f018eb79e88554be9f75",
    "market_label": "Will Gavin Newsom win the 2028 Democratic presidential nomination?",
    "wallet": "0xa5e3044fd953605f9407d58c76e48fd75a394d7e",
    "size_usd": 80.0,
    "size": 80.0,
    "outcome": "Yes",
    "side": "Yes",
    "price": 0.253
  },
  {
    "timestamp": 1772645465,
    "market_id": "0x0f49db97f71c68b1e42a6d16e3de93d85dbf7d4148e3f018eb79e88554be9f75",
    "market_label": "Will Gavin Newsom win the 2028 Democratic presidential nomination?",
    "wallet": "0xa5e3044fd953605f9407d58c76e48fd75a394d7e",
    "size_usd": 120.23,
    "size": 120.23,
    "outcome": "Yes",
    "side": "Yes",
    "price": 0.253
  },
  {
    "timestamp": 1772645427,
    "market_id": "0x0f49db97f71c68b1e42a6d16e3de93d85dbf7d4148e3f018eb79e88554be9f75",
    "market_label": "Will Gavin Newsom win the 2028 Democratic presidential nomination?",
    "wallet": "0x766f266b8354f9f430d906a87a396c20b9a5cecd",
    "size_usd": 90.0,
    "size": 90.0,
    "outcome": "Yes",
    "side": "Yes",
    "price": 0.751
  },
  {
    "timestamp": 1772645427,
    "market_id": "0x0f49db97f71c68b1e42a6d16e3de93d85dbf7d4148e3f018eb79e88554be9f75",
    "market_label": "Will Gavin Newsom win the 2028 Democratic presidential nomination?",
    "wallet": "0x44890b3e65e1774f7cf1d1433e3d803ea97d0c4a",
    "size_usd": 60.0,
    "size": 60.0,
    "outcome": "Yes",
    "side": "Yes",
    "price": 0.751
  },
  {
    "timestamp": 1772645427,
    "market_id": "0x0f49db97f71c68b1e42a6d16e3de93d85dbf7d4148e3f018eb79e88554be9f75",
    "market_label": "Will Gavin Newsom win the 2028 Democratic presidential nomination?",
    "wallet": "0x766f266b8354f9f430d906a87a396c20b9a5cecd",
    "size_usd": 90.0,
    "size": 90.0,
    "outcome": "Yes",
    "side": "Yes",
    "price": 0.25
  },
  {
    "timestamp": 1772645427,
    "market_id": "0x0f49db97f71c68b1e42a6d16e3de93d85dbf7d4148e3f018eb79e88554be9f75",
    "market_label": "Will Gavin Newsom win the 2028 Democratic presidential nomination?",
    "wallet": "0x44890b3e65e1774f7cf1d1433e3d803ea97d0c4a",
    "size_usd": 60.0,
    "size": 60.0,
    "outcome": "Yes",
    "side": "Yes",
    "price": 0.25
  },
  {
    "timestamp": 1772645159,
    "market_id": "0x0f49db97f71c68b1e42a6d16e3de93d85dbf7d4148e3f018eb79e88554be9f75",
    "market_label": "Will Gavin Newsom win the 2028 Democratic presidential nomination?",
    "wallet": "0xe258ade0d1a04964270dd4c7b4d84ba6f846a723",
    "size_usd": 707.21,
    "size": 707.21,
    "outcome": "No",
    "side": "No",
    "price": 0.25
  },
  {
    "timestamp": 1772644963,
    "market_id": "0x0f49db97f71c68b1e42a6d16e3de93d85dbf7d4148e3f018eb79e88554be9f75",
    "market_label": "Will Gavin Newsom win the 2028 Democratic presidential nomination?",
    "wallet": "0xa5e3044fd953605f9407d58c76e48fd75a394d7e",
    "size_usd": 96.09,
    "size": 96.09,
    "outcome": "Yes",
    "side": "Yes",
    "price": 0.251
  },
  {
    "timestamp": 1772644951,
    "market_id": "0x0f49db97f71c68b1e42a6d16e3de93d85dbf7d4148e3f018eb79e88554be9f75",
    "market_label": "Will Gavin Newsom win the 2028 Democratic presidential nomination?",
    "wallet": "0x44933d40f7f74f11aceddcdaceedfe035ddaf6c5",
    "size_usd": 85.0,
    "size": 85.0,
    "outcome": "Yes",
    "side": "Yes",
    "price": 0.251
  },
  {
    "timestamp": 1772644913,
    "market_id": "0x0f49db97f71c68b1e42a6d16e3de93d85dbf7d4148e3f018eb79e88554be9f75",
    "market_label": "Will Gavin Newsom win the 2028 Democratic presidential nomination?",
    "wallet": "0x0697d51355a70828628b1a0a735a3178fb3adfab",
    "size_usd": 1204.0,
    "size": 1204.0,
    "outcome": "Yes",
    "side": "Yes",
    "price": 0.75
  },
  {
    "timestamp": 1772644913,
    "market_id": "0x0f49db97f71c68b1e42a6d16e3de93d85dbf7d4148e3f018eb79e88554be9f75",
    "market_label": "Will Gavin Newsom win the 2028 Democratic presidential nomination?",
    "wallet": "0x906fac5300705d1ca90289ab8db5634021e589f1",
    "size_usd": 2361.0,
    "size": 2361.0,
    "outcome": "Yes",
    "side": "Yes",
    "price": 0.75
  },
  {
    "timestamp": 1772644913,
    "market_id": "0x0f49db97f71c68b1e42a6d16e3de93d85dbf7d4148e3f018eb79e88554be9f75",
    "market_label": "Will Gavin Newsom win the 2028 Democratic presidential nomination?",
    "wallet": "0x794da62bac475b353b8c1a908e2a354dc6812b23",
    "size_usd": 1057.0,
    "size": 1057.0,
    "outcome": "Yes",
    "side": "Yes",
    "price": 0.75
  },
  {
    "timestamp": 1772644693,
    "market_id": "0x0f49db97f71c68b1e42a6d16e3de93d85dbf7d4148e3f018eb79e88554be9f75",
    "market_label": "Will Gavin Newsom win the 2028 Democratic presidential nomination?",
    "wallet": "0xc6ecac4f85e4b1419b5b06666ad8776694062b1a",
    "size_usd": 6903.0,
    "size": 6903.0,
    "outcome": "No",
    "side": "No",
    "price": 0.25
  },
  {
    "timestamp": 1772644675,
    "market_id": "0x0f49db97f71c68b1e42a6d16e3de93d85dbf7d4148e3f018eb79e88554be9f75",
    "market_label": "Will Gavin Newsom win the 2028 Democratic presidential nomination?",
    "wallet": "0x46fe17e62b1a585377755b81a312ade3c6a7ea22",
    "size_usd": 137.0,
    "size": 137.0,
    "outcome": "No",
    "side": "No",
    "price": 0.7485839416058394
  },
  {
    "timestamp": 1772644631,
    "market_id": "0x0f49db97f71c68b1e42a6d16e3de93d85dbf7d4148e3f018eb79e88554be9f75",
    "market_label": "Will Gavin Newsom win the 2028 Democratic presidential nomination?",
    "wallet": "0x46fe17e62b1a585377755b81a312ade3c6a7ea22",
    "size_usd": 5176.0,
    "size": 5176.0,
    "outcome": "Yes",
    "side": "Yes",
    "price": 0.749
  },
  {
    "timestamp": 1772644629,
    "market_id": "0x0f49db97f71c68b1e42a6d16e3de93d85dbf7d4148e3f018eb79e88554be9f75",
    "market_label": "Will Gavin Newsom win the 2028 Democratic presidential nomination?",
    "wallet": "0xed1dc81e2b5d178a682b52522c8b4087f5e3737f",
    "size_usd": 1727.0,
    "size": 1727.0,
    "outcome": "Yes",
    "side": "Yes",
    "price": 0.749
  },
  {
    "timestamp": 1772644323,
    "market_id": "0x0f49db97f71c68b1e42a6d16e3de93d85dbf7d4148e3f018eb79e88554be9f75",
    "market_label": "Will Gavin Newsom win the 2028 Democratic presidential nomination?",
    "wallet": "0xb879bd208ffcd0dd838357e1175756e19f78efab",
    "size_usd": 79.365078,
    "size": 79.365078,
    "outcome": "Yes",
    "side": "Yes",
    "price": 0.25199999173439985
  },
  {
    "timestamp": 1772643343,
    "market_id": "0x0f49db97f71c68b1e42a6d16e3de93d85dbf7d4148e3f018eb79e88554be9f75",
    "market_label": "Will Gavin Newsom win the 2028 Democratic presidential nomination?",
    "wallet": "0x515fcdabb85dac916c07dbaecb9a1e83f6f4a134",
    "size_usd": 157.43624,
    "size": 157.43624,
    "outcome": "Yes",
    "side": "Yes",
    "price": 0.7495097697963315
  },
  {
    "timestamp": 1772643143,
    "market_id": "0x0f49db97f71c68b1e42a6d16e3de93d85dbf7d4148e3f018eb79e88554be9f75",
    "market_label": "Will Gavin Newsom win the 2028 Democratic presidential nomination?",
    "wallet": "0xab077f677c370186672b28c72a2aac2e618c1e7b",
    "size_usd": 178.571427,
    "size": 178.571427,
    "outcome": "Yes",
    "side": "Yes",
    "price": 0.2519999966176
  },
  {
    "timestamp": 1772642265,
    "market_id": "0x0f49db97f71c68b1e42a6d16e3de93d85dbf7d4148e3f018eb79e88554be9f75",
    "market_label": "Will Gavin Newsom win the 2028 Democratic presidential nomination?",
    "wallet": "0x3078db4a9737866b4d6529f655025b3a20f80389",
    "size_usd": 112.81,
    "size": 112.81,
    "outcome": "No",
    "side": "No",
    "price": 0.253
  },
  {
    "timestamp": 1772642261,
    "market_id": "0x0f49db97f71c68b1e42a6d16e3de93d85dbf7d4148e3f018eb79e88554be9f75",
    "market_label": "Will Gavin Newsom win the 2028 Democratic presidential nomination?",
    "wallet": "0xa5e3044fd953605f9407d58c76e48fd75a394d7e",
    "size_usd": 70.0,
    "size": 70.0,
    "outcome": "Yes",
    "side": "Yes",
    "price": 0.253
  },
  {
    "timestamp": 1772642253,
    "market_id": "0x0f49db97f71c68b1e42a6d16e3de93d85dbf7d4148e3f018eb79e88554be9f75",
    "market_label": "Will Gavin Newsom win the 2028 Democratic presidential nomination?",
    "wallet": "0xa856e8f656178c27e17e2aaed52d7064f9bb3c0e",
    "size_usd": 100.0,
    "size": 100.0,
    "outcome": "No",
    "side": "No",
    "price": 0.7461
  },
  {
    "timestamp": 1772642243,
    "market_id": "0x0f49db97f71c68b1e42a6d16e3de93d85dbf7d4148e3f018eb79e88554be9f75",
    "market_label": "Will Gavin Newsom win the 2028 Democratic presidential nomination?",
    "wallet": "0x63d51ef8eb9df6aec9795eda72b38c7b434046d7",
    "size_usd": 110.0,
    "size": 110.0,
    "outcome": "Yes",
    "side": "Yes",
    "price": 0.251
  },
  {
    "timestamp": 1772642243,
    "market_id": "0x0f49db97f71c68b1e42a6d16e3de93d85dbf7d4148e3f018eb79e88554be9f75",
    "market_label": "Will Gavin Newsom win the 2028 Democratic presidential nomination?",
    "wallet": "0x01d96f540aef7ac4729e0631ea37cfb2f9a21f45",
    "size_usd": 70.0,
    "size": 70.0,
    "outcome": "Yes",
    "side": "Yes",
    "price": 0.251
  },
  {
    "timestamp": 1772642243,
    "market_id": "0x0f49db97f71c68b1e42a6d16e3de93d85dbf7d4148e3f018eb79e88554be9f75",
    "market_label": "Will Gavin Newsom win the 2028 Democratic presidential nomination?",
    "wallet": "0x63d51ef8eb9df6aec9795eda72b38c7b434046d7",
    "size_usd": 110.0,
    "size": 110.0,
    "outcome": "Yes",
    "side": "Yes",
    "price": 0.75
  },
  {
    "timestamp": 1772642243,
    "market_id": "0x0f49db97f71c68b1e42a6d16e3de93d85dbf7d4148e3f018eb79e88554be9f75",
    "market_label": "Will Gavin Newsom win the 2028 Democratic presidential nomination?",
    "wallet": "0xa856e8f656178c27e17e2aaed52d7064f9bb3c0e",
    "size_usd": 100.0,
    "size": 100.0,
    "outcome": "Yes",
    "side": "Yes",
    "price": 0.75
  },
  {
    "timestamp": 1772642243,
    "market_id": "0x0f49db97f71c68b1e42a6d16e3de93d85dbf7d4148e3f018eb79e88554be9f75",
    "market_label": "Will Gavin Newsom win the 2028 Democratic presidential nomination?",
    "wallet": "0x01d96f540aef7ac4729e0631ea37cfb2f9a21f45",
    "size_usd": 70.0,
    "size": 70.0,
    "outcome": "Yes",
    "side": "Yes",
    "price": 0.75
  },
  {
    "timestamp": 1772642151,
    "market_id": "0x0f49db97f71c68b1e42a6d16e3de93d85dbf7d4148e3f018eb79e88554be9f75",
    "market_label": "Will Gavin Newsom win the 2028 Democratic presidential nomination?",
    "wallet": "0xa330174e35074aeec03213d5ec2a9899c5779d33",
    "size_usd": 102.733292,
    "size": 102.733292,
    "outcome": "Yes",
    "side": "Yes",
    "price": 0.7495135948724392
  },
  {
    "timestamp": 1772640671,
    "market_id": "0x0f49db97f71c68b1e42a6d16e3de93d85dbf7d4148e3f018eb79e88554be9f75",
    "market_label": "Will Gavin Newsom win the 2028 Democratic presidential nomination?",
    "wallet": "0xa5e3044fd953605f9407d58c76e48fd75a394d7e",
    "size_usd": 59.89,
    "size": 59.89,
    "outcome": "Yes",
    "side": "Yes",
    "price": 0.253
  },
  {
    "timestamp": 1772640359,
    "market_id": "0x0f49db97f71c68b1e42a6d16e3de93d85dbf7d4148e3f018eb79e88554be9f75",
    "market_label": "Will Gavin Newsom win the 2028 Democratic presidential nomination?",
    "wallet": "0x2d9f00eb0858c7b57efe8b40d80c604f584961f2",
    "size_usd": 731.0,
    "size": 731.0,
    "outcome": "No",
    "side": "No",
    "price": 0.747
  },
  {
    "timestamp": 1772640359,
    "market_id": "0x0f49db97f71c68b1e42a6d16e3de93d85dbf7d4148e3f018eb79e88554be9f75",
    "market_label": "Will Gavin Newsom win the 2028 Democratic presidential nomination?",
    "wallet": "0xb042deeb50d9be772fa26af1adda924dc96e2137",
    "size_usd": 1903.0,
    "size": 1903.0,
    "outcome": "No",
    "side": "No",
    "price": 0.747
  },
  {
    "timestamp": 1772640083,
    "market_id": "0x0f49db97f71c68b1e42a6d16e3de93d85dbf7d4148e3f018eb79e88554be9f75",
    "market_label": "Will Gavin Newsom win the 2028 Democratic presidential nomination?",
    "wallet": "0xa5e3044fd953605f9407d58c76e48fd75a394d7e",
    "size_usd": 113.44,
    "size": 113.44,
    "outcome": "Yes",
    "side": "Yes",
    "price": 0.253
  },
  {
    "timestamp": 1772639945,
    "market_id": "0x0f49db97f71c68b1e42a6d16e3de93d85dbf7d4148e3f018eb79e88554be9f75",
    "market_label": "Will Gavin Newsom win the 2028 Democratic presidential nomination?",
    "wallet": "0x7bf4f595266fb940a5592ca1a165bb7c07f012e5",
    "size_usd": 70.0,
    "size": 70.0,
