[
  {
    "timestamp": 1772406407,
    "market_id": "0xbf5c661a6d8c348adb83d13626a52799ac68e11b8497aa1bf0189d85eeb5099c",
    "market_label": "Will Tyrese Maxey win the 2025\u20132026 NBA MVP?",
    "wallet": "0xe8dd7741ccb12350957ec71e9ee332e0d1e6ec86",
    "size_usd": 239.128,
    "size": 239.128,
    "outcome": "Yes",
    "side": "Yes",
    "price": 0.998
  },
  {
    "timestamp": 1772406407,
    "market_id": "0xbf5c661a6d8c348adb83d13626a52799ac68e11b8497aa1bf0189d85eeb5099c",
    "market_label": "Will Tyrese Maxey win the 2025\u20132026 NBA MVP?",
    "wallet": "0xa3ad70cf48a2f2b44163e798223c01a2c2536866",
    "size_usd": 221.0,
    "size": 221.0,
    "outcome": "Yes",
    "side": "Yes",
    "price": 0.998
  },
  {
    "timestamp": 1772406161,
    "market_id": "0xbf5c661a6d8c348adb83d13626a52799ac68e11b8497aa1bf0189d85eeb5099c",
    "market_label": "Will Tyrese Maxey win the 2025\u20132026 NBA MVP?",
    "wallet": "0xe8dd7741ccb12350957ec71e9ee332e0d1e6ec86",
    "size_usd": 234.128,
    "size": 234.128,
    "outcome": "Yes",
    "side": "Yes",
    "price": 0.998
  },
  {
    "timestamp": 1772404865,
    "market_id": "0xbf5c661a6d8c348adb83d13626a52799ac68e11b8497aa1bf0189d85eeb5099c",
    "market_label": "Will Tyrese Maxey win the 2025\u20132026 NBA MVP?",
    "wallet": "0xe3726a1b9c6ba2f06585d1c9e01d00afaedaeb38",
    "size_usd": 142.46,
    "size": 142.46,
    "outcome": "No",
    "side": "No",
    "price": 0.002
  },
  {
    "timestamp": 1772404865,
    "market_id": "0xbf5c661a6d8c348adb83d13626a52799ac68e11b8497aa1bf0189d85eeb5099c",
    "market_label": "Will Tyrese Maxey win the 2025\u20132026 NBA MVP?",
    "wallet": "0xe8dd7741ccb12350957ec71e9ee332e0d1e6ec86",
    "size_usd": 239.128,
    "size": 239.128,
    "outcome": "Yes",
    "side": "Yes",
    "price": 0.998
  },
  {
    "timestamp": 1772404865,
    "market_id": "0xbf5c661a6d8c348adb83d13626a52799ac68e11b8497aa1bf0189d85eeb5099c",
    "market_label": "Will Tyrese Maxey win the 2025\u20132026 NBA MVP?",
    "wallet": "0xa3ad70cf48a2f2b44163e798223c01a2c2536866",
    "size_usd": 150.0,
    "size": 150.0,
    "outcome": "Yes",
    "side": "Yes",
    "price": 0.998
  },
  {
    "timestamp": 1772404541,
    "market_id": "0xbf5c661a6d8c348adb83d13626a52799ac68e11b8497aa1bf0189d85eeb5099c",
    "market_label": "Will Tyrese Maxey win the 2025\u20132026 NBA MVP?",
    "wallet": "0xe8dd7741ccb12350957ec71e9ee332e0d1e6ec86",
    "size_usd": 232.104,
    "size": 232.104,
    "outcome": "Yes",
    "side": "Yes",
    "price": 0.998
  },
  {
    "timestamp": 1772404541,
    "market_id": "0xbf5c661a6d8c348adb83d13626a52799ac68e11b8497aa1bf0189d85eeb5099c",
    "market_label": "Will Tyrese Maxey win the 2025\u20132026 NBA MVP?",
    "wallet": "0xe3726a1b9c6ba2f06585d1c9e01d00afaedaeb38",
    "size_usd": 406.54,
    "size": 406.54,
    "outcome": "No",
    "side": "No",
    "price": 0.002
  },
  {
    "timestamp": 1772404541,
    "market_id": "0xbf5c661a6d8c348adb83d13626a52799ac68e11b8497aa1bf0189d85eeb5099c",
    "market_label": "Will Tyrese Maxey win the 2025\u20132026 NBA MVP?",
    "wallet": "0xa3ad70cf48a2f2b44163e798223c01a2c2536866",
    "size_usd": 50.0,
    "size": 50.0,
    "outcome": "Yes",
    "side": "Yes",
    "price": 0.998
  },
  {
    "timestamp": 1772404189,
    "market_id": "0xbf5c661a6d8c348adb83d13626a52799ac68e11b8497aa1bf0189d85eeb5099c",
    "market_label": "Will Tyrese Maxey win the 2025\u20132026 NBA MVP?",
    "wallet": "0xe8dd7741ccb12350957ec71e9ee332e0d1e6ec86",
    "size_usd": 82.3645,
    "size": 82.3645,
    "outcome": "Yes",
    "side": "Yes",
    "price": 0.998
  },
  {
    "timestamp": 1772395703,
    "market_id": "0xbf5c661a6d8c348adb83d13626a52799ac68e11b8497aa1bf0189d85eeb5099c",
    "market_label": "Will Tyrese Maxey win the 2025\u20132026 NBA MVP?",
    "wallet": "0xe8dd7741ccb12350957ec71e9ee332e0d1e6ec86",
    "size_usd": 86.3125,
    "size": 86.3125,
    "outcome": "Yes",
    "side": "Yes",
    "price": 0.998
  },
  {
    "timestamp": 1772394773,
    "market_id": "0xbf5c661a6d8c348adb83d13626a52799ac68e11b8497aa1bf0189d85eeb5099c",
    "market_label": "Will Tyrese Maxey win the 2025\u20132026 NBA MVP?",
    "wallet": "0x3dd2db2d398ff72c2c71c9ad6473368b941e9ab1",
    "size_usd": 64.0,
    "size": 64.0,
    "outcome": "Yes",
    "side": "Yes",
    "price": 0.998
  },
  {
    "timestamp": 1772394767,
    "market_id": "0xbf5c661a6d8c348adb83d13626a52799ac68e11b8497aa1bf0189d85eeb5099c",
    "market_label": "Will Tyrese Maxey win the 2025\u20132026 NBA MVP?",
    "wallet": "0x090af6fd2aeb04202abc97370aa86c1b81d90fa6",
    "size_usd": 77.78,
    "size": 77.78,
    "outcome": "Yes",
    "side": "Yes",
    "price": 0.998
  },
  {
    "timestamp": 1772394765,
    "market_id": "0xbf5c661a6d8c348adb83d13626a52799ac68e11b8497aa1bf0189d85eeb5099c",
    "market_label": "Will Tyrese Maxey win the 2025\u20132026 NBA MVP?",
    "wallet": "0xe3726a1b9c6ba2f06585d1c9e01d00afaedaeb38",
    "size_usd": 341.72,
    "size": 341.72,
    "outcome": "No",
    "side": "No",
    "price": 0.002
  },
  {
    "timestamp": 1772394765,
    "market_id": "0xbf5c661a6d8c348adb83d13626a52799ac68e11b8497aa1bf0189d85eeb5099c",
    "market_label": "Will Tyrese Maxey win the 2025\u20132026 NBA MVP?",
    "wallet": "0xa3ad70cf48a2f2b44163e798223c01a2c2536866",
    "size_usd": 591.0,
    "size": 591.0,
    "outcome": "Yes",
    "side": "Yes",
    "price": 0.998
  },
  {
    "timestamp": 1772394765,
    "market_id": "0xbf5c661a6d8c348adb83d13626a52799ac68e11b8497aa1bf0189d85eeb5099c",
    "market_label": "Will Tyrese Maxey win the 2025\u20132026 NBA MVP?",
    "wallet": "0xe8dd7741ccb12350957ec71e9ee332e0d1e6ec86",
    "size_usd": 239.158,
    "size": 239.158,
    "outcome": "Yes",
    "side": "Yes",
    "price": 0.998
  },
  {
    "timestamp": 1772390069,
    "market_id": "0xbf5c661a6d8c348adb83d13626a52799ac68e11b8497aa1bf0189d85eeb5099c",
    "market_label": "Will Tyrese Maxey win the 2025\u20132026 NBA MVP?",
    "wallet": "0x3dd2db2d398ff72c2c71c9ad6473368b941e9ab1",
    "size_usd": 64.0,
    "size": 64.0,
    "outcome": "Yes",
    "side": "Yes",
    "price": 0.998
  },
  {
    "timestamp": 1772389285,
    "market_id": "0xbf5c661a6d8c348adb83d13626a52799ac68e11b8497aa1bf0189d85eeb5099c",
    "market_label": "Will Tyrese Maxey win the 2025\u20132026 NBA MVP?",
    "wallet": "0xe8dd7741ccb12350957ec71e9ee332e0d1e6ec86",
    "size_usd": 175.8415,
    "size": 175.8415,
    "outcome": "Yes",
    "side": "Yes",
    "price": 0.998
  },
  {
    "timestamp": 1772388745,
    "market_id": "0xbf5c661a6d8c348adb83d13626a52799ac68e11b8497aa1bf0189d85eeb5099c",
    "market_label": "Will Tyrese Maxey win the 2025\u20132026 NBA MVP?",
    "wallet": "0xa3ad70cf48a2f2b44163e798223c01a2c2536866",
    "size_usd": 51.0,
    "size": 51.0,
    "outcome": "Yes",
    "side": "Yes",
    "price": 0.998
  },
  {
    "timestamp": 1772388743,
    "market_id": "0xbf5c661a6d8c348adb83d13626a52799ac68e11b8497aa1bf0189d85eeb5099c",
    "market_label": "Will Tyrese Maxey win the 2025\u20132026 NBA MVP?",
    "wallet": "0xcd91a549956854fdc38efad7e80ff5da8f5432b8",
    "size_usd": 54.0,
    "size": 54.0,
    "outcome": "Yes",
    "side": "Yes",
    "price": 0.998
  },
  {
    "timestamp": 1772388731,
    "market_id": "0xbf5c661a6d8c348adb83d13626a52799ac68e11b8497aa1bf0189d85eeb5099c",
    "market_label": "Will Tyrese Maxey win the 2025\u20132026 NBA MVP?",
    "wallet": "0xe3726a1b9c6ba2f06585d1c9e01d00afaedaeb38",
    "size_usd": 55.28,
    "size": 55.28,
    "outcome": "No",
    "side": "No",
    "price": 0.002
  },
  {
    "timestamp": 1772388731,
    "market_id": "0xbf5c661a6d8c348adb83d13626a52799ac68e11b8497aa1bf0189d85eeb5099c",
    "market_label": "Will Tyrese Maxey win the 2025\u20132026 NBA MVP?",
    "wallet": "0xe8dd7741ccb12350957ec71e9ee332e0d1e6ec86",
    "size_usd": 60.0,
    "size": 60.0,
    "outcome": "Yes",
    "side": "Yes",
    "price": 0.998
  },
  {
    "timestamp": 1772388273,
    "market_id": "0xbf5c661a6d8c348adb83d13626a52799ac68e11b8497aa1bf0189d85eeb5099c",
    "market_label": "Will Tyrese Maxey win the 2025\u20132026 NBA MVP?",
    "wallet": "0xcd91a549956854fdc38efad7e80ff5da8f5432b8",
    "size_usd": 54.0,
    "size": 54.0,
    "outcome": "Yes",
    "side": "Yes",
    "price": 0.998
  },
  {
    "timestamp": 1772382959,
    "market_id": "0xbf5c661a6d8c348adb83d13626a52799ac68e11b8497aa1bf0189d85eeb5099c",
    "market_label": "Will Tyrese Maxey win the 2025\u20132026 NBA MVP?",
    "wallet": "0xe8dd7741ccb12350957ec71e9ee332e0d1e6ec86",
    "size_usd": 61.643,
    "size": 61.643,
    "outcome": "Yes",
    "side": "Yes",
    "price": 0.998
  },
  {
    "timestamp": 1772381001,
    "market_id": "0xbf5c661a6d8c348adb83d13626a52799ac68e11b8497aa1bf0189d85eeb5099c",
    "market_label": "Will Tyrese Maxey win the 2025\u20132026 NBA MVP?",
    "wallet": "0xe8dd7741ccb12350957ec71e9ee332e0d1e6ec86",
    "size_usd": 73.657,
    "size": 73.657,
    "outcome": "Yes",
    "side": "Yes",
    "price": 0.998
  },
  {
    "timestamp": 1772380595,
    "market_id": "0xbf5c661a6d8c348adb83d13626a52799ac68e11b8497aa1bf0189d85eeb5099c",
    "market_label": "Will Tyrese Maxey win the 2025\u20132026 NBA MVP?",
    "wallet": "0xe8dd7741ccb12350957ec71e9ee332e0d1e6ec86",
    "size_usd": 58.7675,
    "size": 58.7675,
    "outcome": "Yes",
    "side": "Yes",
    "price": 0.998
  },
  {
    "timestamp": 1772379623,
    "market_id": "0xbf5c661a6d8c348adb83d13626a52799ac68e11b8497aa1bf0189d85eeb5099c",
    "market_label": "Will Tyrese Maxey win the 2025\u20132026 NBA MVP?",
    "wallet": "0xe3726a1b9c6ba2f06585d1c9e01d00afaedaeb38",
    "size_usd": 59.51,
    "size": 59.51,
    "outcome": "No",
    "side": "No",
    "price": 0.002
  },
  {
    "timestamp": 1772375693,
    "market_id": "0xbf5c661a6d8c348adb83d13626a52799ac68e11b8497aa1bf0189d85eeb5099c",
    "market_label": "Will Tyrese Maxey win the 2025\u20132026 NBA MVP?",
    "wallet": "0xe8dd7741ccb12350957ec71e9ee332e0d1e6ec86",
    "size_usd": 56.613,
    "size": 56.613,
    "outcome": "Yes",
    "side": "Yes",
    "price": 0.998
  },
  {
    "timestamp": 1772375693,
    "market_id": "0xbf5c661a6d8c348adb83d13626a52799ac68e11b8497aa1bf0189d85eeb5099c",
    "market_label": "Will Tyrese Maxey win the 2025\u20132026 NBA MVP?",
    "wallet": "0xe3726a1b9c6ba2f06585d1c9e01d00afaedaeb38",
    "size_usd": 53.08,
    "size": 53.08,
    "outcome": "No",
    "side": "No",
    "price": 0.002
  },
  {
    "timestamp": 1772375239,
    "market_id": "0xbf5c661a6d8c348adb83d13626a52799ac68e11b8497aa1bf0189d85eeb5099c",
    "market_label": "Will Tyrese Maxey win the 2025\u20132026 NBA MVP?",
    "wallet": "0x1e206b7b3aa820f9201d214907e90fc2f7d71a22",
    "size_usd": 233.701102,
    "size": 233.701102,
    "outcome": "Yes",
    "side": "Yes",
    "price": 0.9969999970303949
  },
  {
    "timestamp": 1772375213,
    "market_id": "0xbf5c661a6d8c348adb83d13626a52799ac68e11b8497aa1bf0189d85eeb5099c",
    "market_label": "Will Tyrese Maxey win the 2025\u20132026 NBA MVP?",
    "wallet": "0x214c69288c346a70b96007cad9d8c59fac216378",
    "size_usd": 468.39,
    "size": 468.39,
    "outcome": "No",
    "side": "No",
    "price": 0.997
  },
  {
    "timestamp": 1772374245,
    "market_id": "0xbf5c661a6d8c348adb83d13626a52799ac68e11b8497aa1bf0189d85eeb5099c",
    "market_label": "Will Tyrese Maxey win the 2025\u20132026 NBA MVP?",
    "wallet": "0xe3726a1b9c6ba2f06585d1c9e01d00afaedaeb38",
    "size_usd": 55.41,
    "size": 55.41,
    "outcome": "No",
    "side": "No",
    "price": 0.002
  },
  {
    "timestamp": 1772373439,
    "market_id": "0xbf5c661a6d8c348adb83d13626a52799ac68e11b8497aa1bf0189d85eeb5099c",
    "market_label": "Will Tyrese Maxey win the 2025\u20132026 NBA MVP?",
    "wallet": "0x3dd2db2d398ff72c2c71c9ad6473368b941e9ab1",
    "size_usd": 62.69,
    "size": 62.69,
    "outcome": "Yes",
    "side": "Yes",
    "price": 0.998
  },
  {
    "timestamp": 1772365657,
    "market_id": "0xbf5c661a6d8c348adb83d13626a52799ac68e11b8497aa1bf0189d85eeb5099c",
    "market_label": "Will Tyrese Maxey win the 2025\u20132026 NBA MVP?",
    "wallet": "0x9aa628dd931f5d386832a260fa9a063b9970e1b3",
    "size_usd": 152.3045,
    "size": 152.3045,
    "outcome": "Yes",
    "side": "Yes",
    "price": 0.998
  },
  {
    "timestamp": 1772358273,
    "market_id": "0xbf5c661a6d8c348adb83d13626a52799ac68e11b8497aa1bf0189d85eeb5099c",
    "market_label": "Will Tyrese Maxey win the 2025\u20132026 NBA MVP?",
    "wallet": "0x27669f469ebfa71375c9c7fe0107a852bee9b2c3",
    "size_usd": 104.13,
    "size": 104.13,
    "outcome": "No",
    "side": "No",
    "price": 0.997
  },
  {
    "timestamp": 1772357227,
    "market_id": "0xbf5c661a6d8c348adb83d13626a52799ac68e11b8497aa1bf0189d85eeb5099c",
    "market_label": "Will Tyrese Maxey win the 2025\u20132026 NBA MVP?",
    "wallet": "0xc140b03d6b1895bfd78bb31cced4abeddfc95fb6",
    "size_usd": 231.06,
    "size": 231.06,
    "outcome": "No",
    "side": "No",
    "price": 0.997
  },
  {
    "timestamp": 1772355719,
    "market_id": "0xbf5c661a6d8c348adb83d13626a52799ac68e11b8497aa1bf0189d85eeb5099c",
    "market_label": "Will Tyrese Maxey win the 2025\u20132026 NBA MVP?",
    "wallet": "0xa3ad70cf48a2f2b44163e798223c01a2c2536866",
    "size_usd": 150.0,
    "size": 150.0,
    "outcome": "Yes",
    "side": "Yes",
    "price": 0.998
  },
  {
    "timestamp": 1772355719,
    "market_id": "0xbf5c661a6d8c348adb83d13626a52799ac68e11b8497aa1bf0189d85eeb5099c",
    "market_label": "Will Tyrese Maxey win the 2025\u20132026 NBA MVP?",
    "wallet": "0xe8dd7741ccb12350957ec71e9ee332e0d1e6ec86",
    "size_usd": 101.553,
    "size": 101.553,
    "outcome": "Yes",
    "side": "Yes",
    "price": 0.998
  },
  {
    "timestamp": 1772355719,
    "market_id": "0xbf5c661a6d8c348adb83d13626a52799ac68e11b8497aa1bf0189d85eeb5099c",
    "market_label": "Will Tyrese Maxey win the 2025\u20132026 NBA MVP?",
    "wallet": "0x090af6fd2aeb04202abc97370aa86c1b81d90fa6",
    "size_usd": 106.76,
    "size": 106.76,
    "outcome": "Yes",
    "side": "Yes",
    "price": 0.998
  },
  {
    "timestamp": 1772354179,
    "market_id": "0xbf5c661a6d8c348adb83d13626a52799ac68e11b8497aa1bf0189d85eeb5099c",
    "market_label": "Will Tyrese Maxey win the 2025\u20132026 NBA MVP?",
    "wallet": "0xe3726a1b9c6ba2f06585d1c9e01d00afaedaeb38",
    "size_usd": 73.7,
    "size": 73.7,
    "outcome": "No",
    "side": "No",
    "price": 0.002
  },
  {
    "timestamp": 1772343973,
    "market_id": "0xbf5c661a6d8c348adb83d13626a52799ac68e11b8497aa1bf0189d85eeb5099c",
    "market_label": "Will Tyrese Maxey win the 2025\u20132026 NBA MVP?",
    "wallet": "0x51f9e9ec07cc0705b603fcc0a950070678c0ecf6",
    "size_usd": 179.54,
    "size": 179.54,
    "outcome": "No",
    "side": "No",
    "price": 0.997
  },
  {
    "timestamp": 1772342271,
    "market_id": "0xbf5c661a6d8c348adb83d13626a52799ac68e11b8497aa1bf0189d85eeb5099c",
    "market_label": "Will Tyrese Maxey win the 2025\u20132026 NBA MVP?",
    "wallet": "0xe8dd7741ccb12350957ec71e9ee332e0d1e6ec86",
    "size_usd": 82.9455,
    "size": 82.9455,
    "outcome": "Yes",
    "side": "Yes",
    "price": 0.998
  },
  {
    "timestamp": 1772341849,
    "market_id": "0xbf5c661a6d8c348adb83d13626a52799ac68e11b8497aa1bf0189d85eeb5099c",
    "market_label": "Will Tyrese Maxey win the 2025\u20132026 NBA MVP?",
    "wallet": "0x6586fb56a335aeb953b09b299eb181de3ffd497c",
    "size_usd": 64.38,
    "size": 64.38,
    "outcome": "Yes",
    "side": "Yes",
    "price": 0.998
  },
  {
    "timestamp": 1772341703,
    "market_id": "0xbf5c661a6d8c348adb83d13626a52799ac68e11b8497aa1bf0189d85eeb5099c",
    "market_label": "Will Tyrese Maxey win the 2025\u20132026 NBA MVP?",
    "wallet": "0xa4ba811baa21b2b72d74e39bbca48cec019586a7",
    "size_usd": 266.47,
    "size": 266.47,
    "outcome": "No",
    "side": "No",
    "price": 0.997
  },
  {
    "timestamp": 1772341331,
    "market_id": "0xbf5c661a6d8c348adb83d13626a52799ac68e11b8497aa1bf0189d85eeb5099c",
    "market_label": "Will Tyrese Maxey win the 2025\u20132026 NBA MVP?",
    "wallet": "0xe8dd7741ccb12350957ec71e9ee332e0d1e6ec86",
    "size_usd": 60.0,
    "size": 60.0,
    "outcome": "Yes",
    "side": "Yes",
    "price": 0.998
  },
  {
    "timestamp": 1772336507,
    "market_id": "0xbf5c661a6d8c348adb83d13626a52799ac68e11b8497aa1bf0189d85eeb5099c",
    "market_label": "Will Tyrese Maxey win the 2025\u20132026 NBA MVP?",
    "wallet": "0x38891f4d057725a66daf62e991f1ea6218730947",
    "size_usd": 280.3605,
    "size": 280.3605,
    "outcome": "Yes",
    "side": "Yes",
    "price": 0.998
  },
  {
    "timestamp": 1772325877,
    "market_id": "0xbf5c661a6d8c348adb83d13626a52799ac68e11b8497aa1bf0189d85eeb5099c",
    "market_label": "Will Tyrese Maxey win the 2025\u20132026 NBA MVP?",
    "wallet": "0xe3726a1b9c6ba2f06585d1c9e01d00afaedaeb38",
    "size_usd": 118.09,
    "size": 118.09,
    "outcome": "No",
    "side": "No",
    "price": 0.002
  },
  {
    "timestamp": 1772325877,
    "market_id": "0xbf5c661a6d8c348adb83d13626a52799ac68e11b8497aa1bf0189d85eeb5099c",
    "market_label": "Will Tyrese Maxey win the 2025\u20132026 NBA MVP?",
    "wallet": "0x090af6fd2aeb04202abc97370aa86c1b81d90fa6",
    "size_usd": 80.93,
    "size": 80.93,
    "outcome": "Yes",
    "side": "Yes",
    "price": 0.998
  },
  {
    "timestamp": 1772314393,
    "market_id": "0xbf5c661a6d8c348adb83d13626a52799ac68e11b8497aa1bf0189d85eeb5099c",
    "market_label": "Will Tyrese Maxey win the 2025\u20132026 NBA MVP?",
    "wallet": "0xa3ad70cf48a2f2b44163e798223c01a2c2536866",
    "size_usd": 105.0,
    "size": 105.0,
    "outcome": "Yes",
    "side": "Yes",
    "price": 0.998
  },
  {
    "timestamp": 1772314393,
    "market_id": "0xbf5c661a6d8c348adb83d13626a52799ac68e11b8497aa1bf0189d85eeb5099c",
    "market_label": "Will Tyrese Maxey win the 2025\u20132026 NBA MVP?",
    "wallet": "0x090af6fd2aeb04202abc97370aa86c1b81d90fa6",
    "size_usd": 99.36,
    "size": 99.36,
    "outcome": "Yes",
    "side": "Yes",
    "price": 0.998
  },
  {
    "timestamp": 1772314391,
    "market_id": "0xbf5c661a6d8c348adb83d13626a52799ac68e11b8497aa1bf0189d85eeb5099c",
    "market_label": "Will Tyrese Maxey win the 2025\u20132026 NBA MVP?",
    "wallet": "0xe8dd7741ccb12350957ec71e9ee332e0d1e6ec86",
    "size_usd": 193.647,
    "size": 193.647,
    "outcome": "Yes",
    "side": "Yes",
    "price": 0.998
  },
  {
    "timestamp": 1772313805,
    "market_id": "0xbf5c661a6d8c348adb83d13626a52799ac68e11b8497aa1bf0189d85eeb5099c",
    "market_label": "Will Tyrese Maxey win the 2025\u20132026 NBA MVP?",
    "wallet": "0xe8dd7741ccb12350957ec71e9ee332e0d1e6ec86",
    "size_usd": 65.651,
    "size": 65.651,
    "outcome": "Yes",
    "side": "Yes",
    "price": 0.998
  },
  {
    "timestamp": 1772313805,
    "market_id": "0xbf5c661a6d8c348adb83d13626a52799ac68e11b8497aa1bf0189d85eeb5099c",
    "market_label": "Will Tyrese Maxey win the 2025\u20132026 NBA MVP?",
    "wallet": "0xa3ad70cf48a2f2b44163e798223c01a2c2536866",
    "size_usd": 53.0,
    "size": 53.0,
    "outcome": "Yes",
    "side": "Yes",
    "price": 0.998
  },
  {
    "timestamp": 1772313751,
    "market_id": "0xbf5c661a6d8c348adb83d13626a52799ac68e11b8497aa1bf0189d85eeb5099c",
    "market_label": "Will Tyrese Maxey win the 2025\u20132026 NBA MVP?",
    "wallet": "0x090af6fd2aeb04202abc97370aa86c1b81d90fa6",
    "size_usd": 125.0,
    "size": 125.0,
    "outcome": "Yes",
    "side": "Yes",
    "price": 0.998
  },
  {
    "timestamp": 1772313749,
    "market_id": "0xbf5c661a6d8c348adb83d13626a52799ac68e11b8497aa1bf0189d85eeb5099c",
    "market_label": "Will Tyrese Maxey win the 2025\u20132026 NBA MVP?",
    "wallet": "0xe8dd7741ccb12350957ec71e9ee332e0d1e6ec86",
    "size_usd": 201.102,
    "size": 201.102,
    "outcome": "Yes",
    "side": "Yes",
    "price": 0.998
  },
  {
    "timestamp": 1772313749,
    "market_id": "0xbf5c661a6d8c348adb83d13626a52799ac68e11b8497aa1bf0189d85eeb5099c",
    "market_label": "Will Tyrese Maxey win the 2025\u20132026 NBA MVP?",
    "wallet": "0xa3ad70cf48a2f2b44163e798223c01a2c2536866",
    "size_usd": 80.0,
    "size": 80.0,
    "outcome": "Yes",
    "side": "Yes",
    "price": 0.998
  },
  {
    "timestamp": 1772313615,
    "market_id": "0xbf5c661a6d8c348adb83d13626a52799ac68e11b8497aa1bf0189d85eeb5099c",
    "market_label": "Will Tyrese Maxey win the 2025\u20132026 NBA MVP?",
    "wallet": "0xe8dd7741ccb12350957ec71e9ee332e0d1e6ec86",
    "size_usd": 50.7815,
    "size": 50.7815,
    "outcome": "Yes",
    "side": "Yes",
    "price": 0.998
  },
  {
    "timestamp": 1772313615,
    "market_id": "0xbf5c661a6d8c348adb83d13626a52799ac68e11b8497aa1bf0189d85eeb5099c",
    "market_label": "Will Tyrese Maxey win the 2025\u20132026 NBA MVP?",
    "wallet": "0xb6fa57039ea79185895500dbd0067c288594abcf",
    "size_usd": 50.0,
    "size": 50.0,
    "outcome": "Yes",
    "side": "Yes",
    "price": 0.998
  },
  {
    "timestamp": 1772313615,
    "market_id": "0xbf5c661a6d8c348adb83d13626a52799ac68e11b8497aa1bf0189d85eeb5099c",
    "market_label": "Will Tyrese Maxey win the 2025\u20132026 NBA MVP?",
    "wallet": "0x6586fb56a335aeb953b09b299eb181de3ffd497c",
    "size_usd": 100.0,
    "size": 100.0,
    "outcome": "Yes",
    "side": "Yes",
    "price": 0.998
  },
  {
    "timestamp": 1772313597,
    "market_id": "0xbf5c661a6d8c348adb83d13626a52799ac68e11b8497aa1bf0189d85eeb5099c",
    "market_label": "Will Tyrese Maxey win the 2025\u20132026 NBA MVP?",
    "wallet": "0xe8dd7741ccb12350957ec71e9ee332e0d1e6ec86",
    "size_usd": 281.002,
    "size": 281.002,
    "outcome": "Yes",
    "side": "Yes",
    "price": 0.998
  },
  {
    "timestamp": 1772313493,
    "market_id": "0xbf5c661a6d8c348adb83d13626a52799ac68e11b8497aa1bf0189d85eeb5099c",
    "market_label": "Will Tyrese Maxey win the 2025\u20132026 NBA MVP?",
    "wallet": "0x30cecdf29f069563ea21b8ae94492e41e53a6b2b",
    "size_usd": 52.84,
    "size": 52.84,
    "outcome": "Yes",
    "side": "Yes",
    "price": 0.998
  },
  {
    "timestamp": 1772313183,
    "market_id": "0xbf5c661a6d8c348adb83d13626a52799ac68e11b8497aa1bf0189d85eeb5099c",
    "market_label": "Will Tyrese Maxey win the 2025\u20132026 NBA MVP?",
    "wallet": "0xe8dd7741ccb12350957ec71e9ee332e0d1e6ec86",
    "size_usd": 153.056,
    "size": 153.056,
    "outcome": "Yes",
    "side": "Yes",
    "price": 0.998
  },
  {
    "timestamp": 1772309447,
    "market_id": "0xbf5c661a6d8c348adb83d13626a52799ac68e11b8497aa1bf0189d85eeb5099c",
    "market_label": "Will Tyrese Maxey win the 2025\u20132026 NBA MVP?",
    "wallet": "0x84daae67b14a494feb6438a333384c8f60d884f6",
    "size_usd": 500.0,
    "size": 500.0,
    "outcome": "No",
    "side": "No",
    "price": 0.002
  },
  {
    "timestamp": 1772308263,
    "market_id": "0xbf5c661a6d8c348adb83d13626a52799ac68e11b8497aa1bf0189d85eeb5099c",
    "market_label": "Will Tyrese Maxey win the 2025\u20132026 NBA MVP?",
    "wallet": "0xa3ad70cf48a2f2b44163e798223c01a2c2536866",
    "size_usd": 70.0,
    "size": 70.0,
    "outcome": "Yes",
    "side": "Yes",
    "price": 0.998
  },
  {
    "timestamp": 1772304757,
    "market_id": "0xbf5c661a6d8c348adb83d13626a52799ac68e11b8497aa1bf0189d85eeb5099c",
    "market_label": "Will Tyrese Maxey win the 2025\u20132026 NBA MVP?",
    "wallet": "0xe8dd7741ccb12350957ec71e9ee332e0d1e6ec86",
    "size_usd": 74.689,
    "size": 74.689,
    "outcome": "Yes",
    "side": "Yes",
    "price": 0.998
  },
  {
    "timestamp": 1772304757,
    "market_id": "0xbf5c661a6d8c348adb83d13626a52799ac68e11b8497aa1bf0189d85eeb5099c",
    "market_label": "Will Tyrese Maxey win the 2025\u20132026 NBA MVP?",
    "wallet": "0xa3ad70cf48a2f2b44163e798223c01a2c2536866",
    "size_usd": 51.0,
    "size": 51.0,
    "outcome": "Yes",
    "side": "Yes",
    "price": 0.998
  },
  {
    "timestamp": 1772303541,
    "market_id": "0xbf5c661a6d8c348adb83d13626a52799ac68e11b8497aa1bf0189d85eeb5099c",
    "market_label": "Will Tyrese Maxey win the 2025\u20132026 NBA MVP?",
    "wallet": "0xcd91a549956854fdc38efad7e80ff5da8f5432b8",
    "size_usd": 55.0,
    "size": 55.0,
    "outcome": "Yes",
    "side": "Yes",
    "price": 0.998
  },
  {
    "timestamp": 1772303141,
    "market_id": "0xbf5c661a6d8c348adb83d13626a52799ac68e11b8497aa1bf0189d85eeb5099c",
    "market_label": "Will Tyrese Maxey win the 2025\u20132026 NBA MVP?",
    "wallet": "0xcd91a549956854fdc38efad7e80ff5da8f5432b8",
    "size_usd": 55.0,
    "size": 55.0,
    "outcome": "Yes",
    "side": "Yes",
    "price": 0.998
  },
  {
    "timestamp": 1772303141,
    "market_id": "0xbf5c661a6d8c348adb83d13626a52799ac68e11b8497aa1bf0189d85eeb5099c",
    "market_label": "Will Tyrese Maxey win the 2025\u20132026 NBA MVP?",
    "wallet": "0xe8dd7741ccb12350957ec71e9ee332e0d1e6ec86",
    "size_usd": 176.182,
    "size": 176.182,
    "outcome": "Yes",
    "side": "Yes",
    "price": 0.998
  },
  {
    "timestamp": 1772303063,
    "market_id": "0xbf5c661a6d8c348adb83d13626a52799ac68e11b8497aa1bf0189d85eeb5099c",
    "market_label": "Will Tyrese Maxey win the 2025\u20132026 NBA MVP?",
    "wallet": "0xcd91a549956854fdc38efad7e80ff5da8f5432b8",
    "size_usd": 55.0,
    "size": 55.0,
    "outcome": "Yes",
    "side": "Yes",
    "price": 0.998
  },
  {
    "timestamp": 1772303051,
    "market_id": "0xbf5c661a6d8c348adb83d13626a52799ac68e11b8497aa1bf0189d85eeb5099c",
    "market_label": "Will Tyrese Maxey win the 2025\u20132026 NBA MVP?",
    "wallet": "0x090af6fd2aeb04202abc97370aa86c1b81d90fa6",
    "size_usd": 50.0,
    "size": 50.0,
    "outcome": "Yes",
    "side": "Yes",
    "price": 0.998
  },
  {
    "timestamp": 1772303049,
    "market_id": "0xbf5c661a6d8c348adb83d13626a52799ac68e11b8497aa1bf0189d85eeb5099c",
    "market_label": "Will Tyrese Maxey win the 2025\u20132026 NBA MVP?",
    "wallet": "0x36901eb0f21519cc9055662a6d2483e96da1e16f",
    "size_usd": 100.0,
    "size": 100.0,
    "outcome": "Yes",
    "side": "Yes",
    "price": 0.998
  },
  {
    "timestamp": 1772303049,
    "market_id": "0xbf5c661a6d8c348adb83d13626a52799ac68e11b8497aa1bf0189d85eeb5099c",
    "market_label": "Will Tyrese Maxey win the 2025\u20132026 NBA MVP?",
    "wallet": "0xe8dd7741ccb12350957ec71e9ee332e0d1e6ec86",
    "size_usd": 176.182,
    "size": 176.182,
    "outcome": "Yes",
    "side": "Yes",
    "price": 0.998
  },
  {
    "timestamp": 1772303049,
    "market_id": "0xbf5c661a6d8c348adb83d13626a52799ac68e11b8497aa1bf0189d85eeb5099c",
    "market_label": "Will Tyrese Maxey win the 2025\u20132026 NBA MVP?",
    "wallet": "0xcd91a549956854fdc38efad7e80ff5da8f5432b8",
    "size_usd": 55.0,
    "size": 55.0,
    "outcome": "Yes",
    "side": "Yes",
    "price": 0.998
  },
  {
    "timestamp": 1772303049,
    "market_id": "0xbf5c661a6d8c348adb83d13626a52799ac68e11b8497aa1bf0189d85eeb5099c",
    "market_label": "Will Tyrese Maxey win the 2025\u20132026 NBA MVP?",
    "wallet": "0xa3ad70cf48a2f2b44163e798223c01a2c2536866",
    "size_usd": 150.0,
    "size": 150.0,
    "outcome": "Yes",
    "side": "Yes",
    "price": 0.998
  },
  {
    "timestamp": 1772299011,
    "market_id": "0xbf5c661a6d8c348adb83d13626a52799ac68e11b8497aa1bf0189d85eeb5099c",
    "market_label": "Will Tyrese Maxey win the 2025\u20132026 NBA MVP?",
    "wallet": "0x36901eb0f21519cc9055662a6d2483e96da1e16f",
    "size_usd": 100.0,
    "size": 100.0,
    "outcome": "Yes",
    "side": "Yes",
    "price": 0.998
  },
  {
    "timestamp": 1772299011,
    "market_id": "0xbf5c661a6d8c348adb83d13626a52799ac68e11b8497aa1bf0189d85eeb5099c",
    "market_label": "Will Tyrese Maxey win the 2025\u20132026 NBA MVP?",
    "wallet": "0xcd91a549956854fdc38efad7e80ff5da8f5432b8",
    "size_usd": 55.0,
    "size": 55.0,
    "outcome": "Yes",
    "side": "Yes",
    "price": 0.998
  },
  {
    "timestamp": 1772298165,
    "market_id": "0xbf5c661a6d8c348adb83d13626a52799ac68e11b8497aa1bf0189d85eeb5099c",
    "market_label": "Will Tyrese Maxey win the 2025\u20132026 NBA MVP?",
    "wallet": "0xa4ba811baa21b2b72d74e39bbca48cec019586a7",
    "size_usd": 266.47,
    "size": 266.47,
    "outcome": "Yes",
    "side": "Yes",
    "price": 0.998
  },
  {
    "timestamp": 1772286851,
    "market_id": "0xbf5c661a6d8c348adb83d13626a52799ac68e11b8497aa1bf0189d85eeb5099c",
    "market_label": "Will Tyrese Maxey win the 2025\u20132026 NBA MVP?",
    "wallet": "0x5cae72e2968ead243c625486378da7457ac09fa5",
    "size_usd": 65.39,
    "size": 65.39,
    "outcome": "No",
    "side": "No",
    "price": 0.996
  },
  {
    "timestamp": 1772282769,
    "market_id": "0xbf5c661a6d8c348adb83d13626a52799ac68e11b8497aa1bf0189d85eeb5099c",
    "market_label": "Will Tyrese Maxey win the 2025\u20132026 NBA MVP?",
    "wallet": "0xc140b03d6b1895bfd78bb31cced4abeddfc95fb6",
    "size_usd": 230.4605,
    "size": 230.4605,
    "outcome": "Yes",
    "side": "Yes",
    "price": 0.998
  },
  {
    "timestamp": 1772282761,
    "market_id": "0xbf5c661a6d8c348adb83d13626a52799ac68e11b8497aa1bf0189d85eeb5099c",
    "market_label": "Will Tyrese Maxey win the 2025\u20132026 NBA MVP?",
    "wallet": "0xc140b03d6b1895bfd78bb31cced4abeddfc95fb6",
    "size_usd": 230.0,
    "size": 230.0,
    "outcome": "No",
    "side": "No",
    "price": 0.996
  },
  {
    "timestamp": 1772282753,
    "market_id": "0xbf5c661a6d8c348adb83d13626a52799ac68e11b8497aa1bf0189d85eeb5099c",
    "market_label": "Will Tyrese Maxey win the 2025\u20132026 NBA MVP?",
    "wallet": "0xc140b03d6b1895bfd78bb31cced4abeddfc95fb6",
    "size_usd": 230.6065,
    "size": 230.6065,
    "outcome": "Yes",
    "side": "Yes",
    "price": 0.9973685780756397
  },
  {
    "timestamp": 1772268555,
    "market_id": "0xbf5c661a6d8c348adb83d13626a52799ac68e11b8497aa1bf0189d85eeb5099c",
    "market_label": "Will Tyrese Maxey win the 2025\u20132026 NBA MVP?",
    "wallet": "0x40ae62f9ee632b18858b9e3625866c94cd2a7fc3",
    "size_usd": 408.69,
    "size": 408.69,
    "outcome": "No",
    "side": "No",
    "price": 0.996
  },
  {
    "timestamp": 1772267663,
    "market_id": "0xbf5c661a6d8c348adb83d13626a52799ac68e11b8497aa1bf0189d85eeb5099c",
    "market_label": "Will Tyrese Maxey win the 2025\u20132026 NBA MVP?",
    "wallet": "0x782e2720f27cc2d86d56fcfd8e093ec8356c43e1",
    "size_usd": 344.0,
    "size": 344.0,
    "outcome": "No",
    "side": "No",
    "price": 0.996
  },
  {
    "timestamp": 1772267197,
    "market_id": "0xbf5c661a6d8c348adb83d13626a52799ac68e11b8497aa1bf0189d85eeb5099c",
    "market_label": "Will Tyrese Maxey win the 2025\u20132026 NBA MVP?",
    "wallet": "0x782e2720f27cc2d86d56fcfd8e093ec8356c43e1",
    "size_usd": 344.0,
    "size": 344.0,
    "outcome": "Yes",
    "side": "Yes",
    "price": 0.997
  },
  {
    "timestamp": 1772262691,
    "market_id": "0xbf5c661a6d8c348adb83d13626a52799ac68e11b8497aa1bf0189d85eeb5099c",
    "market_label": "Will Tyrese Maxey win the 2025\u20132026 NBA MVP?",
    "wallet": "0xaed3ec9bc2a85ad2c99fd0a1500c588af37501b7",
    "size_usd": 587.0,
    "size": 587.0,
    "outcome": "No",
    "side": "No",
    "price": 0.996
  },
  {
    "timestamp": 1772260971,
    "market_id": "0xbf5c661a6d8c348adb83d13626a52799ac68e11b8497aa1bf0189d85eeb5099c",
    "market_label": "Will Tyrese Maxey win the 2025\u20132026 NBA MVP?",
    "wallet": "0xaed3ec9bc2a85ad2c99fd0a1500c588af37501b7",
    "size_usd": 587.0,
    "size": 587.0,
    "outcome": "Yes",
    "side": "Yes",
    "price": 0.997
  },
  {
    "timestamp": 1772258461,
    "market_id": "0xbf5c661a6d8c348adb83d13626a52799ac68e11b8497aa1bf0189d85eeb5099c",
    "market_label": "Will Tyrese Maxey win the 2025\u20132026 NBA MVP?",
    "wallet": "0x40ae62f9ee632b18858b9e3625866c94cd2a7fc3",
    "size_usd": 408.696,
    "size": 408.696,
    "outcome": "Yes",
    "side": "Yes",
    "price": 0.997
  },
  {
    "timestamp": 1772256325,
    "market_id": "0xbf5c661a6d8c348adb83d13626a52799ac68e11b8497aa1bf0189d85eeb5099c",
    "market_label": "Will Tyrese Maxey win the 2025\u20132026 NBA MVP?",
    "wallet": "0xb18c7d1529baa47a97bbe776842f20776a1bf459",
    "size_usd": 159.0,
    "size": 159.0,
    "outcome": "No",
    "side": "No",
    "price": 0.996
  },
  {
    "timestamp": 1772255361,
    "market_id": "0xbf5c661a6d8c348adb83d13626a52799ac68e11b8497aa1bf0189d85eeb5099c",
    "market_label": "Will Tyrese Maxey win the 2025\u20132026 NBA MVP?",
    "wallet": "0xb6fa57039ea79185895500dbd0067c288594abcf",
    "size_usd": 59.0,
    "size": 59.0,
    "outcome": "Yes",
    "side": "Yes",
    "price": 0.997
  },
  {
    "timestamp": 1772255361,
    "market_id": "0xbf5c661a6d8c348adb83d13626a52799ac68e11b8497aa1bf0189d85eeb5099c",
    "market_label": "Will Tyrese Maxey win the 2025\u20132026 NBA MVP?",
    "wallet": "0x0e7fa09bf44514693b5ecc2420c50abc39b62015",
    "size_usd": 100.0,
    "size": 100.0,
    "outcome": "Yes",
    "side": "Yes",
    "price": 0.997
  },
  {
    "timestamp": 1772255361,
    "market_id": "0xbf5c661a6d8c348adb83d13626a52799ac68e11b8497aa1bf0189d85eeb5099c",
    "market_label": "Will Tyrese Maxey win the 2025\u20132026 NBA MVP?",
    "wallet": "0xe3479950ef6e8984df109ec5c9be40630f9fb438",
    "size_usd": 55.0,
    "size": 55.0,
    "outcome": "Yes",
    "side": "Yes",
    "price": 0.997
  },
  {
    "timestamp": 1772255357,
    "market_id": "0xbf5c661a6d8c348adb83d13626a52799ac68e11b8497aa1bf0189d85eeb5099c",
    "market_label": "Will Tyrese Maxey win the 2025\u20132026 NBA MVP?",
    "wallet": "0xa3ad70cf48a2f2b44163e798223c01a2c2536866",
    "size_usd": 150.0,
    "size": 150.0,
    "outcome": "Yes",
    "side": "Yes",
    "price": 0.997
  },
  {
    "timestamp": 1772255355,
    "market_id": "0xbf5c661a6d8c348adb83d13626a52799ac68e11b8497aa1bf0189d85eeb5099c",
    "market_label": "Will Tyrese Maxey win the 2025\u20132026 NBA MVP?",
    "wallet": "0x36901eb0f21519cc9055662a6d2483e96da1e16f",
    "size_usd": 71.905666,
    "size": 71.905666,
    "outcome": "Yes",
    "side": "Yes",
    "price": 0.9969999999721858
  },
  {
    "timestamp": 1772255339,
    "market_id": "0xbf5c661a6d8c348adb83d13626a52799ac68e11b8497aa1bf0189d85eeb5099c",
    "market_label": "Will Tyrese Maxey win the 2025\u20132026 NBA MVP?",
    "wallet": "0x36901eb0f21519cc9055662a6d2483e96da1e16f",
    "size_usd": 100.0,
    "size": 100.0,
    "outcome": "Yes",
    "side": "Yes",
    "price": 0.997
  },
  {
    "timestamp": 1772254185,
    "market_id": "0xbf5c661a6d8c348adb83d13626a52799ac68e11b8497aa1bf0189d85eeb5099c",
    "market_label": "Will Tyrese Maxey win the 2025\u20132026 NBA MVP?",
    "wallet": "0xa3ad70cf48a2f2b44163e798223c01a2c2536866",
    "size_usd": 151.0,
    "size": 151.0,
    "outcome": "Yes",
    "side": "Yes",
    "price": 0.997
  },
  {
    "timestamp": 1772254185,
    "market_id": "0xbf5c661a6d8c348adb83d13626a52799ac68e11b8497aa1bf0189d85eeb5099c",
    "market_label": "Will Tyrese Maxey win the 2025\u20132026 NBA MVP?",
    "wallet": "0x36901eb0f21519cc9055662a6d2483e96da1e16f",
    "size_usd": 100.0,
    "size": 100.0,
    "outcome": "Yes",
    "side": "Yes",
    "price": 0.997
  },
  {
    "timestamp": 1772254185,
    "market_id": "0xbf5c661a6d8c348adb83d13626a52799ac68e11b8497aa1bf0189d85eeb5099c",
    "market_label": "Will Tyrese Maxey win the 2025\u20132026 NBA MVP?",
    "wallet": "0xe8dd7741ccb12350957ec71e9ee332e0d1e6ec86",
    "size_usd": 204.583666,
    "size": 204.583666,
    "outcome": "Yes",
    "side": "Yes",
    "price": 0.996999999990224
  },
  {
    "timestamp": 1772254093,
    "market_id": "0xbf5c661a6d8c348adb83d13626a52799ac68e11b8497aa1bf0189d85eeb5099c",
    "market_label": "Will Tyrese Maxey win the 2025\u20132026 NBA MVP?",
    "wallet": "0xb18c7d1529baa47a97bbe776842f20776a1bf459",
    "size_usd": 159.0,
    "size": 159.0,
    "outcome": "Yes",
    "side": "Yes",
    "price": 0.997
  },
  {
    "timestamp": 1772252047,
    "market_id": "0xbf5c661a6d8c348adb83d13626a52799ac68e11b8497aa1bf0189d85eeb5099c",
    "market_label": "Will Tyrese Maxey win the 2025\u20132026 NBA MVP?",
    "wallet": "0x90079eb3d37c8564521cd809130d8313e446b298",
    "size_usd": 250.0,
    "size": 250.0,
    "outcome": "Yes",
    "side": "Yes",
    "price": 0.004
  },
  {
    "timestamp": 1772247203,
    "market_id": "0xbf5c661a6d8c348adb83d13626a52799ac68e11b8497aa1bf0189d85eeb5099c",
    "market_label": "Will Tyrese Maxey win the 2025\u20132026 NBA MVP?",
    "wallet": "0xacdec6bfaeca6e24e526dc4fd7f5a72ce36e2685",
    "size_usd": 189.56,
    "size": 189.56,
    "outcome": "No",
    "side": "No",
    "price": 0.996
  },
  {
    "timestamp": 1772241247,
    "market_id": "0xbf5c661a6d8c348adb83d13626a52799ac68e11b8497aa1bf0189d85eeb5099c",
    "market_label": "Will Tyrese Maxey win the 2025\u20132026 NBA MVP?",
    "wallet": "0xf926eca01f71ff9f2f21f7ba80b7e60415e2d69e",
    "size_usd": 289.13,
    "size": 289.13,
    "outcome": "No",
    "side": "No",
    "price": 0.996
  },
  {
    "timestamp": 1772227273,
    "market_id": "0xbf5c661a6d8c348adb83d13626a52799ac68e11b8497aa1bf0189d85eeb5099c",
    "market_label": "Will Tyrese Maxey win the 2025\u20132026 NBA MVP?",
    "wallet": "0xe8dd7741ccb12350957ec71e9ee332e0d1e6ec86",
    "size_usd": 95.005,
    "size": 95.005,
    "outcome": "Yes",
    "side": "Yes",
    "price": 0.997
  },
  {
    "timestamp": 1772227273,
    "market_id": "0xbf5c661a6d8c348adb83d13626a52799ac68e11b8497aa1bf0189d85eeb5099c",
    "market_label": "Will Tyrese Maxey win the 2025\u20132026 NBA MVP?",
    "wallet": "0xe8dd7741ccb12350957ec71e9ee332e0d1e6ec86",
    "size_usd": 183.219333,
    "size": 183.219333,
    "outcome": "Yes",
    "side": "Yes",
    "price": 0.996999999994542
  },
  {
    "timestamp": 1772227273,
    "market_id": "0xbf5c661a6d8c348adb83d13626a52799ac68e11b8497aa1bf0189d85eeb5099c",
    "market_label": "Will Tyrese Maxey win the 2025\u20132026 NBA MVP?",
    "wallet": "0xa3ad70cf48a2f2b44163e798223c01a2c2536866",
    "size_usd": 50.0,
    "size": 50.0,
    "outcome": "Yes",
    "side": "Yes",
    "price": 0.997
  },
  {
    "timestamp": 1772224843,
    "market_id": "0xbf5c661a6d8c348adb83d13626a52799ac68e11b8497aa1bf0189d85eeb5099c",
    "market_label": "Will Tyrese Maxey win the 2025\u20132026 NBA MVP?",
    "wallet": "0x090af6fd2aeb04202abc97370aa86c1b81d90fa6",
    "size_usd": 50.0,
    "size": 50.0,
    "outcome": "Yes",
    "side": "Yes",
    "price": 0.997
  },
  {
    "timestamp": 1772224843,
    "market_id": "0xbf5c661a6d8c348adb83d13626a52799ac68e11b8497aa1bf0189d85eeb5099c",
    "market_label": "Will Tyrese Maxey win the 2025\u20132026 NBA MVP?",
    "wallet": "0xe8dd7741ccb12350957ec71e9ee332e0d1e6ec86",
    "size_usd": 66.7,
    "size": 66.7,
    "outcome": "Yes",
    "side": "Yes",
    "price": 0.997
  },
  {
    "timestamp": 1772224053,
    "market_id": "0xbf5c661a6d8c348adb83d13626a52799ac68e11b8497aa1bf0189d85eeb5099c",
    "market_label": "Will Tyrese Maxey win the 2025\u20132026 NBA MVP?",
    "wallet": "0x090af6fd2aeb04202abc97370aa86c1b81d90fa6",
    "size_usd": 50.0,
    "size": 50.0,
    "outcome": "Yes",
    "side": "Yes",
    "price": 0.997
  },
  {
    "timestamp": 1772211303,
    "market_id": "0xbf5c661a6d8c348adb83d13626a52799ac68e11b8497aa1bf0189d85eeb5099c",
    "market_label": "Will Tyrese Maxey win the 2025\u20132026 NBA MVP?",
    "wallet": "0x30cecdf29f069563ea21b8ae94492e41e53a6b2b",
    "size_usd": 83.59,
    "size": 83.59,
    "outcome": "Yes",
    "side": "Yes",
    "price": 0.997
  },
  {
    "timestamp": 1772211269,
    "market_id": "0xbf5c661a6d8c348adb83d13626a52799ac68e11b8497aa1bf0189d85eeb5099c",
    "market_label": "Will Tyrese Maxey win the 2025\u20132026 NBA MVP?",
    "wallet": "0xb6fa57039ea79185895500dbd0067c288594abcf",
    "size_usd": 50.0,
    "size": 50.0,
    "outcome": "Yes",
    "side": "Yes",
    "price": 0.997
  },
  {
    "timestamp": 1772211267,
    "market_id": "0xbf5c661a6d8c348adb83d13626a52799ac68e11b8497aa1bf0189d85eeb5099c",
    "market_label": "Will Tyrese Maxey win the 2025\u20132026 NBA MVP?",
    "wallet": "0xb6fa57039ea79185895500dbd0067c288594abcf",
    "size_usd": 100.0,
    "size": 100.0,
    "outcome": "Yes",
    "side": "Yes",
    "price": 0.997
  },
  {
    "timestamp": 1772209941,
    "market_id": "0xbf5c661a6d8c348adb83d13626a52799ac68e11b8497aa1bf0189d85eeb5099c",
    "market_label": "Will Tyrese Maxey win the 2025\u20132026 NBA MVP?",
    "wallet": "0xe8dd7741ccb12350957ec71e9ee332e0d1e6ec86",
    "size_usd": 62.577666,
    "size": 62.577666,
    "outcome": "Yes",
    "side": "Yes",
    "price": 0.9969999999680397
  },
  {
    "timestamp": 1772206451,
    "market_id": "0xbf5c661a6d8c348adb83d13626a52799ac68e11b8497aa1bf0189d85eeb5099c",
    "market_label": "Will Tyrese Maxey win the 2025\u20132026 NBA MVP?",
    "wallet": "0xe3726a1b9c6ba2f06585d1c9e01d00afaedaeb38",
    "size_usd": 157.62,
    "size": 157.62,
    "outcome": "No",
    "side": "No",
    "price": 0.003
  },
  {
    "timestamp": 1772206451,
    "market_id": "0xbf5c661a6d8c348adb83d13626a52799ac68e11b8497aa1bf0189d85eeb5099c",
    "market_label": "Will Tyrese Maxey win the 2025\u20132026 NBA MVP?",
    "wallet": "0xe8dd7741ccb12350957ec71e9ee332e0d1e6ec86",
    "size_usd": 602.477333,
    "size": 602.477333,
    "outcome": "Yes",
    "side": "Yes",
    "price": 0.9969999999983402
  },
  {
    "timestamp": 1772206139,
    "market_id": "0xbf5c661a6d8c348adb83d13626a52799ac68e11b8497aa1bf0189d85eeb5099c",
    "market_label": "Will Tyrese Maxey win the 2025\u20132026 NBA MVP?",
    "wallet": "0x63d43bbb87f85af03b8f2f9e2fad7b54334fa2f1",
    "size_usd": 357.61,
    "size": 357.61,
    "outcome": "Yes",
    "side": "Yes",
    "price": 0.997
  },
  {
    "timestamp": 1772206139,
    "market_id": "0xbf5c661a6d8c348adb83d13626a52799ac68e11b8497aa1bf0189d85eeb5099c",
    "market_label": "Will Tyrese Maxey win the 2025\u20132026 NBA MVP?",
    "wallet": "0xe3726a1b9c6ba2f06585d1c9e01d00afaedaeb38",
    "size_usd": 154.0,
    "size": 154.0,
    "outcome": "No",
    "side": "No",
    "price": 0.003
  },
  {
    "timestamp": 1772206139,
    "market_id": "0xbf5c661a6d8c348adb83d13626a52799ac68e11b8497aa1bf0189d85eeb5099c",
    "market_label": "Will Tyrese Maxey win the 2025\u20132026 NBA MVP?",
    "wallet": "0xcd91a549956854fdc38efad7e80ff5da8f5432b8",
    "size_usd": 54.0,
    "size": 54.0,
    "outcome": "Yes",
    "side": "Yes",
    "price": 0.997
  },
  {
    "timestamp": 1772206069,
    "market_id": "0xbf5c661a6d8c348adb83d13626a52799ac68e11b8497aa1bf0189d85eeb5099c",
    "market_label": "Will Tyrese Maxey win the 2025\u20132026 NBA MVP?",
    "wallet": "0x090af6fd2aeb04202abc97370aa86c1b81d90fa6",
    "size_usd": 50.0,
    "size": 50.0,
    "outcome": "Yes",
    "side": "Yes",
    "price": 0.997
  },
  {
    "timestamp": 1772206067,
    "market_id": "0xbf5c661a6d8c348adb83d13626a52799ac68e11b8497aa1bf0189d85eeb5099c",
    "market_label": "Will Tyrese Maxey win the 2025\u20132026 NBA MVP?",
    "wallet": "0xe3726a1b9c6ba2f06585d1c9e01d00afaedaeb38",
    "size_usd": 165.53,
    "size": 165.53,
    "outcome": "No",
    "side": "No",
    "price": 0.003
  },
  {
    "timestamp": 1772204433,
    "market_id": "0xbf5c661a6d8c348adb83d13626a52799ac68e11b8497aa1bf0189d85eeb5099c",
    "market_label": "Will Tyrese Maxey win the 2025\u20132026 NBA MVP?",
    "wallet": "0x8bcbc87355a81465188c93942fe355c098ac8d12",
    "size_usd": 82.24,
    "size": 82.24,
    "outcome": "No",
    "side": "No",
    "price": 0.996
  },
  {
    "timestamp": 1772204425,
    "market_id": "0xbf5c661a6d8c348adb83d13626a52799ac68e11b8497aa1bf0189d85eeb5099c",
    "market_label": "Will Tyrese Maxey win the 2025\u20132026 NBA MVP?",
    "wallet": "0x8bcbc87355a81465188c93942fe355c098ac8d12",
    "size_usd": 82.246666,
    "size": 82.246666,
    "outcome": "Yes",
    "side": "Yes",
    "price": 0.9969999999756829
  },
  {
    "timestamp": 1772202629,
    "market_id": "0xbf5c661a6d8c348adb83d13626a52799ac68e11b8497aa1bf0189d85eeb5099c",
    "market_label": "Will Tyrese Maxey win the 2025\u20132026 NBA MVP?",
    "wallet": "0x30cecdf29f069563ea21b8ae94492e41e53a6b2b",
    "size_usd": 97.02,
    "size": 97.02,
    "outcome": "Yes",
    "side": "Yes",
    "price": 0.997
  },
  {
    "timestamp": 1772201103,
    "market_id": "0xbf5c661a6d8c348adb83d13626a52799ac68e11b8497aa1bf0189d85eeb5099c",
    "market_label": "Will Tyrese Maxey win the 2025\u20132026 NBA MVP?",
    "wallet": "0xcd91a549956854fdc38efad7e80ff5da8f5432b8",
    "size_usd": 54.0,
    "size": 54.0,
    "outcome": "Yes",
    "side": "Yes",
    "price": 0.997
  },
  {
    "timestamp": 1772201103,
    "market_id": "0xbf5c661a6d8c348adb83d13626a52799ac68e11b8497aa1bf0189d85eeb5099c",
    "market_label": "Will Tyrese Maxey win the 2025\u20132026 NBA MVP?",
    "wallet": "0xe8dd7741ccb12350957ec71e9ee332e0d1e6ec86",
    "size_usd": 287.271666,
    "size": 287.271666,
    "outcome": "Yes",
    "side": "Yes",
    "price": 0.9969999999930379
  },
  {
    "timestamp": 1772201031,
    "market_id": "0xbf5c661a6d8c348adb83d13626a52799ac68e11b8497aa1bf0189d85eeb5099c",
    "market_label": "Will Tyrese Maxey win the 2025\u20132026 NBA MVP?",
    "wallet": "0xe8dd7741ccb12350957ec71e9ee332e0d1e6ec86",
    "size_usd": 91.193333,
    "size": 91.193333,
    "outcome": "Yes",
    "side": "Yes",
    "price": 0.9969999999890343
  },
  {
    "timestamp": 1772198707,
    "market_id": "0xbf5c661a6d8c348adb83d13626a52799ac68e11b8497aa1bf0189d85eeb5099c",
    "market_label": "Will Tyrese Maxey win the 2025\u20132026 NBA MVP?",
    "wallet": "0x51f9e9ec07cc0705b603fcc0a950070678c0ecf6",
    "size_usd": 269.31,
    "size": 269.31,
    "outcome": "No",
    "side": "No",
    "price": 0.996
  },
  {
    "timestamp": 1772197103,
    "market_id": "0xbf5c661a6d8c348adb83d13626a52799ac68e11b8497aa1bf0189d85eeb5099c",
    "market_label": "Will Tyrese Maxey win the 2025\u20132026 NBA MVP?",
    "wallet": "0xf926eca01f71ff9f2f21f7ba80b7e60415e2d69e",
    "size_usd": 289.13,
    "size": 289.13,
    "outcome": "Yes",
    "side": "Yes",
    "price": 0.997
  },
  {
    "timestamp": 1772195871,
    "market_id": "0xbf5c661a6d8c348adb83d13626a52799ac68e11b8497aa1bf0189d85eeb5099c",
    "market_label": "Will Tyrese Maxey win the 2025\u20132026 NBA MVP?",
    "wallet": "0x51f9e9ec07cc0705b603fcc0a950070678c0ecf6",
    "size_usd": 286.96,
    "size": 286.96,
    "outcome": "No",
    "side": "No",
    "price": 0.996
  },
  {
    "timestamp": 1772194325,
    "market_id": "0xbf5c661a6d8c348adb83d13626a52799ac68e11b8497aa1bf0189d85eeb5099c",
    "market_label": "Will Tyrese Maxey win the 2025\u20132026 NBA MVP?",
    "wallet": "0xab6c1ad19fdf64f7c951ea453a57003c99438a73",
    "size_usd": 2898.0,
    "size": 2898.0,
    "outcome": "No",
    "side": "No",
    "price": 0.996
  },
  {
    "timestamp": 1772193897,
    "market_id": "0xbf5c661a6d8c348adb83d13626a52799ac68e11b8497aa1bf0189d85eeb5099c",
    "market_label": "Will Tyrese Maxey win the 2025\u20132026 NBA MVP?",
    "wallet": "0xab6c1ad19fdf64f7c951ea453a57003c99438a73",
    "size_usd": 2898.0,
    "size": 2898.0,
    "outcome": "Yes",
    "side": "Yes",
    "price": 0.997
  },
  {
    "timestamp": 1772193449,
    "market_id": "0xbf5c661a6d8c348adb83d13626a52799ac68e11b8497aa1bf0189d85eeb5099c",
    "market_label": "Will Tyrese Maxey win the 2025\u20132026 NBA MVP?",
    "wallet": "0x51f9e9ec07cc0705b603fcc0a950070678c0ecf6",
    "size_usd": 578.13,
    "size": 578.13,
    "outcome": "No",
    "side": "No",
    "price": 0.996
  },
  {
    "timestamp": 1772177807,
    "market_id": "0xbf5c661a6d8c348adb83d13626a52799ac68e11b8497aa1bf0189d85eeb5099c",
    "market_label": "Will Tyrese Maxey win the 2025\u20132026 NBA MVP?",
    "wallet": "0x5cae72e2968ead243c625486378da7457ac09fa5",
    "size_usd": 65.195333,
    "size": 65.195333,
    "outcome": "Yes",
    "side": "Yes",
    "price": 0.9969999999846615
  },
  {
    "timestamp": 1772177799,
    "market_id": "0xbf5c661a6d8c348adb83d13626a52799ac68e11b8497aa1bf0189d85eeb5099c",
    "market_label": "Will Tyrese Maxey win the 2025\u20132026 NBA MVP?",
    "wallet": "0x5cae72e2968ead243c625486378da7457ac09fa5",
    "size_usd": 65.0,
    "size": 65.0,
    "outcome": "No",
    "side": "No",
    "price": 0.996
  },
  {
    "timestamp": 1772177791,
    "market_id": "0xbf5c661a6d8c348adb83d13626a52799ac68e11b8497aa1bf0189d85eeb5099c",
    "market_label": "Will Tyrese Maxey win the 2025\u20132026 NBA MVP?",
    "wallet": "0x5cae72e2968ead243c625486378da7457ac09fa5",
    "size_usd": 65.195333,
    "size": 65.195333,
    "outcome": "Yes",
    "side": "Yes",
    "price": 0.9969999999846615
  },
  {
    "timestamp": 1772166386,
    "market_id": "0xbf5c661a6d8c348adb83d13626a52799ac68e11b8497aa1bf0189d85eeb5099c",
    "market_label": "Will Tyrese Maxey win the 2025\u20132026 NBA MVP?",
    "wallet": "0xe3726a1b9c6ba2f06585d1c9e01d00afaedaeb38",
    "size_usd": 52.38,
    "size": 52.38,
    "outcome": "No",
    "side": "No",
    "price": 0.003
  },
  {
    "timestamp": 1772157958,
    "market_id": "0xbf5c661a6d8c348adb83d13626a52799ac68e11b8497aa1bf0189d85eeb5099c",
    "market_label": "Will Tyrese Maxey win the 2025\u20132026 NBA MVP?",
    "wallet": "0xe8dd7741ccb12350957ec71e9ee332e0d1e6ec86",
    "size_usd": 61.965666,
    "size": 61.965666,
    "outcome": "Yes",
    "side": "Yes",
    "price": 0.996999999967724
  },
  {
    "timestamp": 1772157854,
    "market_id": "0xbf5c661a6d8c348adb83d13626a52799ac68e11b8497aa1bf0189d85eeb5099c",
    "market_label": "Will Tyrese Maxey win the 2025\u20132026 NBA MVP?",
    "wallet": "0x9743df812c2e30d5dd01c5f535ef01fb9754a105",
    "size_usd": 154.0,
    "size": 154.0,
    "outcome": "No",
    "side": "No",
    "price": 0.996
  },
  {
    "timestamp": 1772157704,
    "market_id": "0xbf5c661a6d8c348adb83d13626a52799ac68e11b8497aa1bf0189d85eeb5099c",
    "market_label": "Will Tyrese Maxey win the 2025\u20132026 NBA MVP?",
    "wallet": "0x8478ac8221ed52a57008bec5aed94b0f45ee4355",
    "size_usd": 250.0,
    "size": 250.0,
    "outcome": "Yes",
    "side": "Yes",
    "price": 0.004
  },
  {
    "timestamp": 1772156998,
    "market_id": "0xbf5c661a6d8c348adb83d13626a52799ac68e11b8497aa1bf0189d85eeb5099c",
    "market_label": "Will Tyrese Maxey win the 2025\u20132026 NBA MVP?",
    "wallet": "0xe8dd7741ccb12350957ec71e9ee332e0d1e6ec86",
    "size_usd": 53.911666,
    "size": 53.911666,
    "outcome": "Yes",
    "side": "Yes",
    "price": 0.9969999999629022
  },
  {
    "timestamp": 1772156318,
    "market_id": "0xbf5c661a6d8c348adb83d13626a52799ac68e11b8497aa1bf0189d85eeb5099c",
    "market_label": "Will Tyrese Maxey win the 2025\u20132026 NBA MVP?",
    "wallet": "0x9743df812c2e30d5dd01c5f535ef01fb9754a105",
    "size_usd": 154.0,
    "size": 154.0,
    "outcome": "Yes",
    "side": "Yes",
    "price": 0.997
  },
  {
    "timestamp": 1772156186,
    "market_id": "0xbf5c661a6d8c348adb83d13626a52799ac68e11b8497aa1bf0189d85eeb5099c",
    "market_label": "Will Tyrese Maxey win the 2025\u20132026 NBA MVP?",
    "wallet": "0x36901eb0f21519cc9055662a6d2483e96da1e16f",
    "size_usd": 50.0,
    "size": 50.0,
    "outcome": "Yes",
    "side": "Yes",
    "price": 0.997
  },
  {
    "timestamp": 1772151914,
    "market_id": "0xbf5c661a6d8c348adb83d13626a52799ac68e11b8497aa1bf0189d85eeb5099c",
    "market_label": "Will Tyrese Maxey win the 2025\u20132026 NBA MVP?",
    "wallet": "0x36901eb0f21519cc9055662a6d2483e96da1e16f",
    "size_usd": 50.0,
    "size": 50.0,
    "outcome": "Yes",
    "side": "Yes",
    "price": 0.997
  },
  {
    "timestamp": 1772151914,
    "market_id": "0xbf5c661a6d8c348adb83d13626a52799ac68e11b8497aa1bf0189d85eeb5099c",
    "market_label": "Will Tyrese Maxey win the 2025\u20132026 NBA MVP?",
    "wallet": "0xe3726a1b9c6ba2f06585d1c9e01d00afaedaeb38",
    "size_usd": 364.0,
    "size": 364.0,
    "outcome": "No",
    "side": "No",
    "price": 0.003
  },
  {
    "timestamp": 1772151576,
    "market_id": "0xbf5c661a6d8c348adb83d13626a52799ac68e11b8497aa1bf0189d85eeb5099c",
    "market_label": "Will Tyrese Maxey win the 2025\u20132026 NBA MVP?",
    "wallet": "0xe8dd7741ccb12350957ec71e9ee332e0d1e6ec86",
    "size_usd": 70.0,
    "size": 70.0,
    "outcome": "Yes",
    "side": "Yes",
    "price": 0.997
  },
  {
    "timestamp": 1772151576,
    "market_id": "0xbf5c661a6d8c348adb83d13626a52799ac68e11b8497aa1bf0189d85eeb5099c",
    "market_label": "Will Tyrese Maxey win the 2025\u20132026 NBA MVP?",
    "wallet": "0xe3726a1b9c6ba2f06585d1c9e01d00afaedaeb38",
    "size_usd": 230.77,
    "size": 230.77,
    "outcome": "No",
    "side": "No",
    "price": 0.003
  },
  {
    "timestamp": 1772149176,
    "market_id": "0xbf5c661a6d8c348adb83d13626a52799ac68e11b8497aa1bf0189d85eeb5099c",
    "market_label": "Will Tyrese Maxey win the 2025\u20132026 NBA MVP?",
    "wallet": "0xe8dd7741ccb12350957ec71e9ee332e0d1e6ec86",
    "size_usd": 77.622666,
    "size": 77.622666,
    "outcome": "Yes",
    "side": "Yes",
    "price": 0.9969999999742343
  },
  {
    "timestamp": 1772149176,
    "market_id": "0xbf5c661a6d8c348adb83d13626a52799ac68e11b8497aa1bf0189d85eeb5099c",
    "market_label": "Will Tyrese Maxey win the 2025\u20132026 NBA MVP?",
    "wallet": "0xe3726a1b9c6ba2f06585d1c9e01d00afaedaeb38",
    "size_usd": 318.23,
    "size": 318.23,
    "outcome": "No",
    "side": "No",
    "price": 0.003
  },
  {
    "timestamp": 1772149176,
    "market_id": "0xbf5c661a6d8c348adb83d13626a52799ac68e11b8497aa1bf0189d85eeb5099c",
    "market_label": "Will Tyrese Maxey win the 2025\u20132026 NBA MVP?",
    "wallet": "0x36901eb0f21519cc9055662a6d2483e96da1e16f",
    "size_usd": 50.0,
    "size": 50.0,
    "outcome": "Yes",
    "side": "Yes",
    "price": 0.997
  },
  {
    "timestamp": 1772148144,
    "market_id": "0xbf5c661a6d8c348adb83d13626a52799ac68e11b8497aa1bf0189d85eeb5099c",
    "market_label": "Will Tyrese Maxey win the 2025\u20132026 NBA MVP?",
    "wallet": "0xe8dd7741ccb12350957ec71e9ee332e0d1e6ec86",
    "size_usd": 248.294666,
    "size": 248.294666,
    "outcome": "Yes",
    "side": "Yes",
    "price": 0.9969999999919451
  },
  {
    "timestamp": 1772148144,
    "market_id": "0xbf5c661a6d8c348adb83d13626a52799ac68e11b8497aa1bf0189d85eeb5099c",
    "market_label": "Will Tyrese Maxey win the 2025\u20132026 NBA MVP?",
    "wallet": "0x0e7fa09bf44514693b5ecc2420c50abc39b62015",
    "size_usd": 80.0,
    "size": 80.0,
    "outcome": "Yes",
    "side": "Yes",
    "price": 0.997
  },
  {
    "timestamp": 1772148144,
    "market_id": "0xbf5c661a6d8c348adb83d13626a52799ac68e11b8497aa1bf0189d85eeb5099c",
    "market_label": "Will Tyrese Maxey win the 2025\u20132026 NBA MVP?",
    "wallet": "0xb6fa57039ea79185895500dbd0067c288594abcf",
    "size_usd": 83.0,
    "size": 83.0,
    "outcome": "Yes",
    "side": "Yes",
    "price": 0.997
  },
  {
    "timestamp": 1772148144,
    "market_id": "0xbf5c661a6d8c348adb83d13626a52799ac68e11b8497aa1bf0189d85eeb5099c",
    "market_label": "Will Tyrese Maxey win the 2025\u20132026 NBA MVP?",
    "wallet": "0xa3ad70cf48a2f2b44163e798223c01a2c2536866",
    "size_usd": 150.0,
    "size": 150.0,
    "outcome": "Yes",
    "side": "Yes",
    "price": 0.997
  },
  {
    "timestamp": 1772148144,
    "market_id": "0xbf5c661a6d8c348adb83d13626a52799ac68e11b8497aa1bf0189d85eeb5099c",
    "market_label": "Will Tyrese Maxey win the 2025\u20132026 NBA MVP?",
    "wallet": "0xe3726a1b9c6ba2f06585d1c9e01d00afaedaeb38",
    "size_usd": 92.67,
    "size": 92.67,
    "outcome": "No",
    "side": "No",
    "price": 0.003
  },
  {
    "timestamp": 1772148072,
    "market_id": "0xbf5c661a6d8c348adb83d13626a52799ac68e11b8497aa1bf0189d85eeb5099c",
    "market_label": "Will Tyrese Maxey win the 2025\u20132026 NBA MVP?",
    "wallet": "0xe8dd7741ccb12350957ec71e9ee332e0d1e6ec86",
    "size_usd": 145.697,
    "size": 145.697,
    "outcome": "Yes",
    "side": "Yes",
    "price": 0.997
  },
  {
    "timestamp": 1772147290,
    "market_id": "0xbf5c661a6d8c348adb83d13626a52799ac68e11b8497aa1bf0189d85eeb5099c",
    "market_label": "Will Tyrese Maxey win the 2025\u20132026 NBA MVP?",
    "wallet": "0xe3726a1b9c6ba2f06585d1c9e01d00afaedaeb38",
    "size_usd": 61.54,
    "size": 61.54,
    "outcome": "No",
    "side": "No",
    "price": 0.003
  },
  {
    "timestamp": 1772147290,
    "market_id": "0xbf5c661a6d8c348adb83d13626a52799ac68e11b8497aa1bf0189d85eeb5099c",
    "market_label": "Will Tyrese Maxey win the 2025\u20132026 NBA MVP?",
    "wallet": "0xa3ad70cf48a2f2b44163e798223c01a2c2536866",
    "size_usd": 100.0,
    "size": 100.0,
    "outcome": "Yes",
    "side": "Yes",
    "price": 0.997
  },
  {
    "timestamp": 1772147046,
    "market_id": "0xbf5c661a6d8c348adb83d13626a52799ac68e11b8497aa1bf0189d85eeb5099c",
    "market_label": "Will Tyrese Maxey win the 2025\u20132026 NBA MVP?",
    "wallet": "0x0e7fa09bf44514693b5ecc2420c50abc39b62015",
    "size_usd": 100.0,
    "size": 100.0,
    "outcome": "Yes",
    "side": "Yes",
    "price": 0.997
  },
  {
    "timestamp": 1772147024,
    "market_id": "0xbf5c661a6d8c348adb83d13626a52799ac68e11b8497aa1bf0189d85eeb5099c",
    "market_label": "Will Tyrese Maxey win the 2025\u20132026 NBA MVP?",
    "wallet": "0xa3ad70cf48a2f2b44163e798223c01a2c2536866",
    "size_usd": 50.0,
    "size": 50.0,
    "outcome": "Yes",
    "side": "Yes",
    "price": 0.997
  },
  {
    "timestamp": 1772147004,
    "market_id": "0xbf5c661a6d8c348adb83d13626a52799ac68e11b8497aa1bf0189d85eeb5099c",
    "market_label": "Will Tyrese Maxey win the 2025\u20132026 NBA MVP?",
    "wallet": "0xe3726a1b9c6ba2f06585d1c9e01d00afaedaeb38",
    "size_usd": 66.8,
    "size": 66.8,
    "outcome": "No",
    "side": "No",
    "price": 0.003
  },
  {
    "timestamp": 1772146930,
    "market_id": "0xbf5c661a6d8c348adb83d13626a52799ac68e11b8497aa1bf0189d85eeb5099c",
    "market_label": "Will Tyrese Maxey win the 2025\u20132026 NBA MVP?",
    "wallet": "0xa3ad70cf48a2f2b44163e798223c01a2c2536866",
    "size_usd": 51.0,
    "size": 51.0,
    "outcome": "Yes",
    "side": "Yes",
    "price": 0.997
  },
  {
    "timestamp": 1772146888,
    "market_id": "0xbf5c661a6d8c348adb83d13626a52799ac68e11b8497aa1bf0189d85eeb5099c",
    "market_label": "Will Tyrese Maxey win the 2025\u20132026 NBA MVP?",
    "wallet": "0xe8dd7741ccb12350957ec71e9ee332e0d1e6ec86",
    "size_usd": 84.152333,
    "size": 84.152333,
    "outcome": "Yes",
    "side": "Yes",
    "price": 0.9969999999881168
  },
  {
    "timestamp": 1772146888,
    "market_id": "0xbf5c661a6d8c348adb83d13626a52799ac68e11b8497aa1bf0189d85eeb5099c",
    "market_label": "Will Tyrese Maxey win the 2025\u20132026 NBA MVP?",
    "wallet": "0xa3ad70cf48a2f2b44163e798223c01a2c2536866",
    "size_usd": 50.0,
    "size": 50.0,
    "outcome": "Yes",
    "side": "Yes",
    "price": 0.997
  },
  {
    "timestamp": 1772146888,
    "market_id": "0xbf5c661a6d8c348adb83d13626a52799ac68e11b8497aa1bf0189d85eeb5099c",
    "market_label": "Will Tyrese Maxey win the 2025\u20132026 NBA MVP?",
    "wallet": "0xe8dd7741ccb12350957ec71e9ee332e0d1e6ec86",
    "size_usd": 166.900666,
    "size": 166.900666,
    "outcome": "Yes",
    "side": "Yes",
    "price": 0.9969999999880168
  },
  {
    "timestamp": 1772146888,
    "market_id": "0xbf5c661a6d8c348adb83d13626a52799ac68e11b8497aa1bf0189d85eeb5099c",
    "market_label": "Will Tyrese Maxey win the 2025\u20132026 NBA MVP?",
    "wallet": "0xe8dd7741ccb12350957ec71e9ee332e0d1e6ec86",
    "size_usd": 56.73,
    "size": 56.73,
    "outcome": "Yes",
    "side": "Yes",
    "price": 0.997
  },
  {
    "timestamp": 1772146852,
    "market_id": "0xbf5c661a6d8c348adb83d13626a52799ac68e11b8497aa1bf0189d85eeb5099c",
    "market_label": "Will Tyrese Maxey win the 2025\u20132026 NBA MVP?",
    "wallet": "0xa3ad70cf48a2f2b44163e798223c01a2c2536866",
    "size_usd": 76.0,
    "size": 76.0,
    "outcome": "Yes",
    "side": "Yes",
    "price": 0.997
  },
  {
    "timestamp": 1772146850,
    "market_id": "0xbf5c661a6d8c348adb83d13626a52799ac68e11b8497aa1bf0189d85eeb5099c",
    "market_label": "Will Tyrese Maxey win the 2025\u20132026 NBA MVP?",
    "wallet": "0xe8dd7741ccb12350957ec71e9ee332e0d1e6ec86",
    "size_usd": 140.882333,
    "size": 140.882333,
    "outcome": "Yes",
    "side": "Yes",
    "price": 0.9969999999929019
  },
  {
    "timestamp": 1772146850,
    "market_id": "0xbf5c661a6d8c348adb83d13626a52799ac68e11b8497aa1bf0189d85eeb5099c",
    "market_label": "Will Tyrese Maxey win the 2025\u20132026 NBA MVP?",
    "wallet": "0xe3726a1b9c6ba2f06585d1c9e01d00afaedaeb38",
    "size_usd": 63.37,
    "size": 63.37,
    "outcome": "No",
    "side": "No",
    "price": 0.003
  },
  {
    "timestamp": 1772134534,
    "market_id": "0xbf5c661a6d8c348adb83d13626a52799ac68e11b8497aa1bf0189d85eeb5099c",
    "market_label": "Will Tyrese Maxey win the 2025\u20132026 NBA MVP?",
    "wallet": "0xe8dd7741ccb12350957ec71e9ee332e0d1e6ec86",
    "size_usd": 80.862333,
    "size": 80.862333,
    "outcome": "Yes",
    "side": "Yes",
    "price": 0.9969999999876333
  },
  {
    "timestamp": 1772134534,
    "market_id": "0xbf5c661a6d8c348adb83d13626a52799ac68e11b8497aa1bf0189d85eeb5099c",
    "market_label": "Will Tyrese Maxey win the 2025\u20132026 NBA MVP?",
    "wallet": "0x63d43bbb87f85af03b8f2f9e2fad7b54334fa2f1",
    "size_usd": 55.7,
    "size": 55.7,
    "outcome": "Yes",
    "side": "Yes",
    "price": 0.997
  },
  {
    "timestamp": 1772134464,
    "market_id": "0xbf5c661a6d8c348adb83d13626a52799ac68e11b8497aa1bf0189d85eeb5099c",
    "market_label": "Will Tyrese Maxey win the 2025\u20132026 NBA MVP?",
    "wallet": "0xa3ad70cf48a2f2b44163e798223c01a2c2536866",
    "size_usd": 51.0,
    "size": 51.0,
    "outcome": "Yes",
    "side": "Yes",
    "price": 0.997
  },
  {
    "timestamp": 1772134464,
    "market_id": "0xbf5c661a6d8c348adb83d13626a52799ac68e11b8497aa1bf0189d85eeb5099c",
    "market_label": "Will Tyrese Maxey win the 2025\u20132026 NBA MVP?",
    "wallet": "0xe3726a1b9c6ba2f06585d1c9e01d00afaedaeb38",
    "size_usd": 59.0,
    "size": 59.0,
    "outcome": "No",
    "side": "No",
    "price": 0.003
  },
  {
    "timestamp": 1772126172,
    "market_id": "0xbf5c661a6d8c348adb83d13626a52799ac68e11b8497aa1bf0189d85eeb5099c",
    "market_label": "Will Tyrese Maxey win the 2025\u20132026 NBA MVP?",
    "wallet": "0xe3726a1b9c6ba2f06585d1c9e01d00afaedaeb38",
    "size_usd": 124.36,
    "size": 124.36,
    "outcome": "No",
    "side": "No",
    "price": 0.003
  },
  {
    "timestamp": 1772126120,
    "market_id": "0xbf5c661a6d8c348adb83d13626a52799ac68e11b8497aa1bf0189d85eeb5099c",
    "market_label": "Will Tyrese Maxey win the 2025\u20132026 NBA MVP?",
    "wallet": "0xcd91a549956854fdc38efad7e80ff5da8f5432b8",
    "size_usd": 54.0,
    "size": 54.0,
    "outcome": "Yes",
    "side": "Yes",
    "price": 0.997
  },
  {
    "timestamp": 1772126120,
    "market_id": "0xbf5c661a6d8c348adb83d13626a52799ac68e11b8497aa1bf0189d85eeb5099c",
    "market_label": "Will Tyrese Maxey win the 2025\u20132026 NBA MVP?",
    "wallet": "0xe8dd7741ccb12350957ec71e9ee332e0d1e6ec86",
    "size_usd": 91.163333,
    "size": 91.163333,
    "outcome": "Yes",
    "side": "Yes",
    "price": 0.9969999999890307
  },
  {
    "timestamp": 1772124016,
    "market_id": "0xbf5c661a6d8c348adb83d13626a52799ac68e11b8497aa1bf0189d85eeb5099c",
    "market_label": "Will Tyrese Maxey win the 2025\u20132026 NBA MVP?",
    "wallet": "0xe8dd7741ccb12350957ec71e9ee332e0d1e6ec86",
    "size_usd": 61.043,
    "size": 61.043,
    "outcome": "Yes",
    "side": "Yes",
    "price": 0.997
  },
  {
    "timestamp": 1772119802,
    "market_id": "0xbf5c661a6d8c348adb83d13626a52799ac68e11b8497aa1bf0189d85eeb5099c",
    "market_label": "Will Tyrese Maxey win the 2025\u20132026 NBA MVP?",
    "wallet": "0x426f4da9afecfe93321df46943fddea91cc2bac5",
    "size_usd": 206.61,
    "size": 206.61,
    "outcome": "No",
    "side": "No",
    "price": 0.996
  },
  {
    "timestamp": 1772119704,
    "market_id": "0xbf5c661a6d8c348adb83d13626a52799ac68e11b8497aa1bf0189d85eeb5099c",
    "market_label": "Will Tyrese Maxey win the 2025\u20132026 NBA MVP?",
    "wallet": "0x1c05320cb0c1a00f0f67eb5b173b2c26af446192",
    "size_usd": 206.61,
    "size": 206.61,
    "outcome": "No",
    "side": "No",
    "price": 0.996
  },
  {
    "timestamp": 1772119578,
    "market_id": "0xbf5c661a6d8c348adb83d13626a52799ac68e11b8497aa1bf0189d85eeb5099c",
    "market_label": "Will Tyrese Maxey win the 2025\u20132026 NBA MVP?",
    "wallet": "0x5362162f1b334b96d98d84fe74689c483fd368a2",
    "size_usd": 206.61,
    "size": 206.61,
    "outcome": "No",
    "side": "No",
    "price": 0.996
  },
  {
    "timestamp": 1772119060,
    "market_id": "0xbf5c661a6d8c348adb83d13626a52799ac68e11b8497aa1bf0189d85eeb5099c",
    "market_label": "Will Tyrese Maxey win the 2025\u20132026 NBA MVP?",
    "wallet": "0x24e898ee3de54b872f8b95ce268d7c97fe5ec2cf",
    "size_usd": 206.61,
    "size": 206.61,
    "outcome": "No",
    "side": "No",
    "price": 0.996
  },
  {
    "timestamp": 1772115600,
    "market_id": "0xbf5c661a6d8c348adb83d13626a52799ac68e11b8497aa1bf0189d85eeb5099c",
    "market_label": "Will Tyrese Maxey win the 2025\u20132026 NBA MVP?",
    "wallet": "0x24e898ee3de54b872f8b95ce268d7c97fe5ec2cf",
    "size_usd": 206.61,
    "size": 206.61,
    "outcome": "Yes",
    "side": "Yes",
    "price": 0.997
  },
  {
    "timestamp": 1772115568,
    "market_id": "0xbf5c661a6d8c348adb83d13626a52799ac68e11b8497aa1bf0189d85eeb5099c",
    "market_label": "Will Tyrese Maxey win the 2025\u20132026 NBA MVP?",
    "wallet": "0x5362162f1b334b96d98d84fe74689c483fd368a2",
    "size_usd": 206.61,
    "size": 206.61,
    "outcome": "Yes",
    "side": "Yes",
    "price": 0.997
  },
  {
    "timestamp": 1772115532,
    "market_id": "0xbf5c661a6d8c348adb83d13626a52799ac68e11b8497aa1bf0189d85eeb5099c",
    "market_label": "Will Tyrese Maxey win the 2025\u20132026 NBA MVP?",
    "wallet": "0x1c05320cb0c1a00f0f67eb5b173b2c26af446192",
    "size_usd": 206.61,
    "size": 206.61,
    "outcome": "Yes",
    "side": "Yes",
    "price": 0.997
  },
  {
    "timestamp": 1772115504,
    "market_id": "0xbf5c661a6d8c348adb83d13626a52799ac68e11b8497aa1bf0189d85eeb5099c",
    "market_label": "Will Tyrese Maxey win the 2025\u20132026 NBA MVP?",
    "wallet": "0x426f4da9afecfe93321df46943fddea91cc2bac5",
    "size_usd": 206.61,
    "size": 206.61,
    "outcome": "Yes",
    "side": "Yes",
    "price": 0.997
  },
  {
    "timestamp": 1772111390,
    "market_id": "0xbf5c661a6d8c348adb83d13626a52799ac68e11b8497aa1bf0189d85eeb5099c",
    "market_label": "Will Tyrese Maxey win the 2025\u20132026 NBA MVP?",
    "wallet": "0x51f9e9ec07cc0705b603fcc0a950070678c0ecf6",
    "size_usd": 1313.941666,
    "size": 1313.941666,
    "outcome": "Yes",
    "side": "Yes",
    "price": 0.9969999999984779
  },
  {
    "timestamp": 1772111388,
    "market_id": "0xbf5c661a6d8c348adb83d13626a52799ac68e11b8497aa1bf0189d85eeb5099c",
    "market_label": "Will Tyrese Maxey win the 2025\u20132026 NBA MVP?",
    "wallet": "0xe3726a1b9c6ba2f06585d1c9e01d00afaedaeb38",
    "size_usd": 102.0,
    "size": 102.0,
    "outcome": "No",
    "side": "No",
    "price": 0.003
  },
  {
    "timestamp": 1772111388,
    "market_id": "0xbf5c661a6d8c348adb83d13626a52799ac68e11b8497aa1bf0189d85eeb5099c",
    "market_label": "Will Tyrese Maxey win the 2025\u20132026 NBA MVP?",
    "wallet": "0xe8dd7741ccb12350957ec71e9ee332e0d1e6ec86",
    "size_usd": 70.0,
    "size": 70.0,
    "outcome": "Yes",
    "side": "Yes",
    "price": 0.997
  },
  {
    "timestamp": 1772111388,
    "market_id": "0xbf5c661a6d8c348adb83d13626a52799ac68e11b8497aa1bf0189d85eeb5099c",
    "market_label": "Will Tyrese Maxey win the 2025\u20132026 NBA MVP?",
    "wallet": "0xa3ad70cf48a2f2b44163e798223c01a2c2536866",
    "size_usd": 123.0,
    "size": 123.0,
    "outcome": "Yes",
    "side": "Yes",
    "price": 0.997
  },
  {
    "timestamp": 1772108320,
    "market_id": "0xbf5c661a6d8c348adb83d13626a52799ac68e11b8497aa1bf0189d85eeb5099c",
    "market_label": "Will Tyrese Maxey win the 2025\u20132026 NBA MVP?",
    "wallet": "0x18d9051474e6f3cdb9dc4e1fa0e8f2e1d43191f9",
    "size_usd": 2778.0,
    "size": 2778.0,
    "outcome": "No",
    "side": "No",
    "price": 0.996
  },
  {
    "timestamp": 1772108056,
    "market_id": "0xbf5c661a6d8c348adb83d13626a52799ac68e11b8497aa1bf0189d85eeb5099c",
    "market_label": "Will Tyrese Maxey win the 2025\u20132026 NBA MVP?",
    "wallet": "0x18d9051474e6f3cdb9dc4e1fa0e8f2e1d43191f9",
    "size_usd": 2778.0,
    "size": 2778.0,
    "outcome": "Yes",
    "side": "Yes",
    "price": 0.997
  },
  {
    "timestamp": 1772104668,
    "market_id": "0xbf5c661a6d8c348adb83d13626a52799ac68e11b8497aa1bf0189d85eeb5099c",
    "market_label": "Will Tyrese Maxey win the 2025\u20132026 NBA MVP?",
    "wallet": "0xa3ad70cf48a2f2b44163e798223c01a2c2536866",
    "size_usd": 79.0,
    "size": 79.0,
    "outcome": "Yes",
    "side": "Yes",
    "price": 0.997
  },
  {
    "timestamp": 1772103694,
    "market_id": "0xbf5c661a6d8c348adb83d13626a52799ac68e11b8497aa1bf0189d85eeb5099c",
    "market_label": "Will Tyrese Maxey win the 2025\u20132026 NBA MVP?",
    "wallet": "0xe3726a1b9c6ba2f06585d1c9e01d00afaedaeb38",
    "size_usd": 58.54,
    "size": 58.54,
    "outcome": "No",
    "side": "No",
    "price": 0.003
  },
  {
    "timestamp": 1772103694,
    "market_id": "0xbf5c661a6d8c348adb83d13626a52799ac68e11b8497aa1bf0189d85eeb5099c",
    "market_label": "Will Tyrese Maxey win the 2025\u20132026 NBA MVP?",
    "wallet": "0xa3ad70cf48a2f2b44163e798223c01a2c2536866",
    "size_usd": 71.0,
    "size": 71.0,
    "outcome": "Yes",
    "side": "Yes",
    "price": 0.997
  },
  {
    "timestamp": 1772103694,
    "market_id": "0xbf5c661a6d8c348adb83d13626a52799ac68e11b8497aa1bf0189d85eeb5099c",
    "market_label": "Will Tyrese Maxey win the 2025\u20132026 NBA MVP?",
    "wallet": "0xb6fa57039ea79185895500dbd0067c288594abcf",
    "size_usd": 70.0,
    "size": 70.0,
    "outcome": "Yes",
    "side": "Yes",
    "price": 0.997
  },
  {
    "timestamp": 1772103694,
    "market_id": "0xbf5c661a6d8c348adb83d13626a52799ac68e11b8497aa1bf0189d85eeb5099c",
    "market_label": "Will Tyrese Maxey win the 2025\u20132026 NBA MVP?",
    "wallet": "0x63d43bbb87f85af03b8f2f9e2fad7b54334fa2f1",
    "size_usd": 700.0,
    "size": 700.0,
    "outcome": "Yes",
    "side": "Yes",
    "price": 0.997
  },
  {
    "timestamp": 1772101142,
    "market_id": "0xbf5c661a6d8c348adb83d13626a52799ac68e11b8497aa1bf0189d85eeb5099c",
    "market_label": "Will Tyrese Maxey win the 2025\u20132026 NBA MVP?",
    "wallet": "0x3c04897821339e39d7d644c74bf91544e8f5d641",
    "size_usd": 367.92,
    "size": 367.92,
    "outcome": "No",
    "side": "No",
    "price": 0.996
  },
  {
    "timestamp": 1772093758,
    "market_id": "0xbf5c661a6d8c348adb83d13626a52799ac68e11b8497aa1bf0189d85eeb5099c",
    "market_label": "Will Tyrese Maxey win the 2025\u20132026 NBA MVP?",
    "wallet": "0x3c04897821339e39d7d644c74bf91544e8f5d641",
    "size_usd": 367.923666,
    "size": 367.923666,
    "outcome": "Yes",
    "side": "Yes",
    "price": 0.9969999999945641
  },
  {
    "timestamp": 1772073264,
    "market_id": "0xbf5c661a6d8c348adb83d13626a52799ac68e11b8497aa1bf0189d85eeb5099c",
    "market_label": "Will Tyrese Maxey win the 2025\u20132026 NBA MVP?",
    "wallet": "0xe3726a1b9c6ba2f06585d1c9e01d00afaedaeb38",
    "size_usd": 97.22,
    "size": 97.22,
    "outcome": "No",
    "side": "No",
    "price": 0.003
  },
  {
    "timestamp": 1772072336,
    "market_id": "0xbf5c661a6d8c348adb83d13626a52799ac68e11b8497aa1bf0189d85eeb5099c",
    "market_label": "Will Tyrese Maxey win the 2025\u20132026 NBA MVP?",
    "wallet": "0xe8dd7741ccb12350957ec71e9ee332e0d1e6ec86",
    "size_usd": 78.455333,
    "size": 78.455333,
    "outcome": "Yes",
    "side": "Yes",
    "price": 0.9969999999872539
  },
  {
    "timestamp": 1772072038,
    "market_id": "0xbf5c661a6d8c348adb83d13626a52799ac68e11b8497aa1bf0189d85eeb5099c",
    "market_label": "Will Tyrese Maxey win the 2025\u20132026 NBA MVP?",
    "wallet": "0xe3726a1b9c6ba2f06585d1c9e01d00afaedaeb38",
    "size_usd": 89.05,
    "size": 89.05,
    "outcome": "No",
    "side": "No",
    "price": 0.003
  },
  {
    "timestamp": 1772064546,
    "market_id": "0xbf5c661a6d8c348adb83d13626a52799ac68e11b8497aa1bf0189d85eeb5099c",
    "market_label": "Will Tyrese Maxey win the 2025\u20132026 NBA MVP?",
    "wallet": "0xe8dd7741ccb12350957ec71e9ee332e0d1e6ec86",
    "size_usd": 55.406,
    "size": 55.406,
    "outcome": "Yes",
    "side": "Yes",
    "price": 0.997
  },
  {
    "timestamp": 1772062184,
    "market_id": "0xbf5c661a6d8c348adb83d13626a52799ac68e11b8497aa1bf0189d85eeb5099c",
    "market_label": "Will Tyrese Maxey win the 2025\u20132026 NBA MVP?",
    "wallet": "0xe3726a1b9c6ba2f06585d1c9e01d00afaedaeb38",
    "size_usd": 79.0,
    "size": 79.0,
    "outcome": "No",
    "side": "No",
    "price": 0.003
  },
  {
    "timestamp": 1772060418,
    "market_id": "0xbf5c661a6d8c348adb83d13626a52799ac68e11b8497aa1bf0189d85eeb5099c",
    "market_label": "Will Tyrese Maxey win the 2025\u20132026 NBA MVP?",
    "wallet": "0xe8dd7741ccb12350957ec71e9ee332e0d1e6ec86",
    "size_usd": 53.480333,
    "size": 53.480333,
    "outcome": "Yes",
    "side": "Yes",
    "price": 0.9969999999813015
  },
  {
    "timestamp": 1772058712,
    "market_id": "0xbf5c661a6d8c348adb83d13626a52799ac68e11b8497aa1bf0189d85eeb5099c",
    "market_label": "Will Tyrese Maxey win the 2025\u20132026 NBA MVP?",
    "wallet": "0xe8dd7741ccb12350957ec71e9ee332e0d1e6ec86",
    "size_usd": 55.025,
    "size": 55.025,
    "outcome": "Yes",
    "side": "Yes",
    "price": 0.997
  },
  {
    "timestamp": 1772058438,
    "market_id": "0xbf5c661a6d8c348adb83d13626a52799ac68e11b8497aa1bf0189d85eeb5099c",
    "market_label": "Will Tyrese Maxey win the 2025\u20132026 NBA MVP?",
    "wallet": "0xe8dd7741ccb12350957ec71e9ee332e0d1e6ec86",
    "size_usd": 92.848333,
    "size": 92.848333,
    "outcome": "Yes",
    "side": "Yes",
    "price": 0.9969999999892297
  },
  {
    "timestamp": 1772058438,
    "market_id": "0xbf5c661a6d8c348adb83d13626a52799ac68e11b8497aa1bf0189d85eeb5099c",
    "market_label": "Will Tyrese Maxey win the 2025\u20132026 NBA MVP?",
    "wallet": "0xe8dd7741ccb12350957ec71e9ee332e0d1e6ec86",
    "size_usd": 66.128333,
    "size": 66.128333,
    "outcome": "Yes",
    "side": "Yes",
    "price": 0.9969999999848779
  },
  {
    "timestamp": 1772057914,
    "market_id": "0xbf5c661a6d8c348adb83d13626a52799ac68e11b8497aa1bf0189d85eeb5099c",
    "market_label": "Will Tyrese Maxey win the 2025\u20132026 NBA MVP?",
    "wallet": "0x36901eb0f21519cc9055662a6d2483e96da1e16f",
    "size_usd": 50.0,
    "size": 50.0,
    "outcome": "Yes",
    "side": "Yes",
    "price": 0.997
  },
  {
    "timestamp": 1772057914,
    "market_id": "0xbf5c661a6d8c348adb83d13626a52799ac68e11b8497aa1bf0189d85eeb5099c",
    "market_label": "Will Tyrese Maxey win the 2025\u20132026 NBA MVP?",
    "wallet": "0x4df7da721042bf8b75bd1cb7acbeb7f83aaf522d",
    "size_usd": 131.003,
    "size": 131.003,
    "outcome": "Yes",
    "side": "Yes",
    "price": 0.997
  },
  {
    "timestamp": 1772057890,
    "market_id": "0xbf5c661a6d8c348adb83d13626a52799ac68e11b8497aa1bf0189d85eeb5099c",
    "market_label": "Will Tyrese Maxey win the 2025\u20132026 NBA MVP?",
    "wallet": "0xe3726a1b9c6ba2f06585d1c9e01d00afaedaeb38",
    "size_usd": 96.19,
    "size": 96.19,
    "outcome": "No",
    "side": "No",
    "price": 0.003
  },
  {
    "timestamp": 1772054788,
    "market_id": "0xbf5c661a6d8c348adb83d13626a52799ac68e11b8497aa1bf0189d85eeb5099c",
    "market_label": "Will Tyrese Maxey win the 2025\u20132026 NBA MVP?",
    "wallet": "0xe8dd7741ccb12350957ec71e9ee332e0d1e6ec86",
    "size_usd": 224.543333,
    "size": 224.543333,
    "outcome": "Yes",
    "side": "Yes",
    "price": 0.9969999999955466
  },
  {
    "timestamp": 1772054600,
    "market_id": "0xbf5c661a6d8c348adb83d13626a52799ac68e11b8497aa1bf0189d85eeb5099c",
    "market_label": "Will Tyrese Maxey win the 2025\u20132026 NBA MVP?",
    "wallet": "0x7d9383c88fa46a1ca7a1a4e5c0c43c66809e98bb",
    "size_usd": 503.77,
    "size": 503.77,
    "outcome": "No",
    "side": "No",
    "price": 0.996
  },
  {
    "timestamp": 1772054600,
    "market_id": "0xbf5c661a6d8c348adb83d13626a52799ac68e11b8497aa1bf0189d85eeb5099c",
    "market_label": "Will Tyrese Maxey win the 2025\u20132026 NBA MVP?",
    "wallet": "0x9840267d9712d0284ab1c7b5624ca9512d8f4530",
    "size_usd": 1714.45,
    "size": 1714.45,
    "outcome": "No",
    "side": "No",
    "price": 0.996
  },
  {
    "timestamp": 1772054600,
    "market_id": "0xbf5c661a6d8c348adb83d13626a52799ac68e11b8497aa1bf0189d85eeb5099c",
    "market_label": "Will Tyrese Maxey win the 2025\u20132026 NBA MVP?",
    "wallet": "0xbfbfff9fe45d0adcfa360d11b76965be8ec0f1e4",
    "size_usd": 737.94,
    "size": 737.94,
    "outcome": "No",
    "side": "No",
    "price": 0.996
  },
  {
    "timestamp": 1772054600,
    "market_id": "0xbf5c661a6d8c348adb83d13626a52799ac68e11b8497aa1bf0189d85eeb5099c",
    "market_label": "Will Tyrese Maxey win the 2025\u20132026 NBA MVP?",
    "wallet": "0xedf788083dd99ef199d7a5eb284232d80aaf5644",
    "size_usd": 1025.45,
    "size": 1025.45,
    "outcome": "No",
    "side": "No",
    "price": 0.996
  },
  {
    "timestamp": 1772054600,
    "market_id": "0xbf5c661a6d8c348adb83d13626a52799ac68e11b8497aa1bf0189d85eeb5099c",
    "market_label": "Will Tyrese Maxey win the 2025\u20132026 NBA MVP?",
    "wallet": "0x229ed0ecbdc6f5c073fd9d55f29d029067044d6e",
    "size_usd": 1351.66,
    "size": 1351.66,
    "outcome": "No",
    "side": "No",
    "price": 0.996
  },
  {
    "timestamp": 1772053592,
    "market_id": "0xbf5c661a6d8c348adb83d13626a52799ac68e11b8497aa1bf0189d85eeb5099c",
    "market_label": "Will Tyrese Maxey win the 2025\u20132026 NBA MVP?",
    "wallet": "0xa1b79ac24f523de78581ae8f635c6aee97905383",
    "size_usd": 1555.34,
    "size": 1555.34,
    "outcome": "No",
    "side": "No",
    "price": 0.996
  },
  {
    "timestamp": 1772051166,
    "market_id": "0xbf5c661a6d8c348adb83d13626a52799ac68e11b8497aa1bf0189d85eeb5099c",
    "market_label": "Will Tyrese Maxey win the 2025\u20132026 NBA MVP?",
    "wallet": "0x9840267d9712d0284ab1c7b5624ca9512d8f4530",
    "size_usd": 1714.453333,
    "size": 1714.453333,
    "outcome": "Yes",
    "side": "Yes",
    "price": 0.9969999999994167
  },
  {
    "timestamp": 1772051004,
    "market_id": "0xbf5c661a6d8c348adb83d13626a52799ac68e11b8497aa1bf0189d85eeb5099c",
    "market_label": "Will Tyrese Maxey win the 2025\u20132026 NBA MVP?",
    "wallet": "0xbfbfff9fe45d0adcfa360d11b76965be8ec0f1e4",
    "size_usd": 737.943666,
    "size": 737.943666,
    "outcome": "Yes",
    "side": "Yes",
    "price": 0.9969999999972897
  },
  {
    "timestamp": 1772050992,
    "market_id": "0xbf5c661a6d8c348adb83d13626a52799ac68e11b8497aa1bf0189d85eeb5099c",
    "market_label": "Will Tyrese Maxey win the 2025\u20132026 NBA MVP?",
    "wallet": "0xedf788083dd99ef199d7a5eb284232d80aaf5644",
    "size_usd": 1025.456333,
    "size": 1025.456333,
    "outcome": "Yes",
    "side": "Yes",
    "price": 0.9969999999990248
  },
  {
    "timestamp": 1772050984,
    "market_id": "0xbf5c661a6d8c348adb83d13626a52799ac68e11b8497aa1bf0189d85eeb5099c",
    "market_label": "Will Tyrese Maxey win the 2025\u20132026 NBA MVP?",
    "wallet": "0xa1b79ac24f523de78581ae8f635c6aee97905383",
    "size_usd": 1555.346,
    "size": 1555.346,
    "outcome": "Yes",
    "side": "Yes",
    "price": 0.997
  },
  {
    "timestamp": 1772050972,
    "market_id": "0xbf5c661a6d8c348adb83d13626a52799ac68e11b8497aa1bf0189d85eeb5099c",
    "market_label": "Will Tyrese Maxey win the 2025\u20132026 NBA MVP?",
    "wallet": "0x229ed0ecbdc6f5c073fd9d55f29d029067044d6e",
    "size_usd": 1351.664666,
    "size": 1351.664666,
    "outcome": "Yes",
    "side": "Yes",
    "price": 0.9969999999985203
  },
  {
    "timestamp": 1772050962,
    "market_id": "0xbf5c661a6d8c348adb83d13626a52799ac68e11b8497aa1bf0189d85eeb5099c",
    "market_label": "Will Tyrese Maxey win the 2025\u20132026 NBA MVP?",
    "wallet": "0x7d9383c88fa46a1ca7a1a4e5c0c43c66809e98bb",
    "size_usd": 503.771,
    "size": 503.771,
    "outcome": "Yes",
    "side": "Yes",
    "price": 0.997
  },
  {
    "timestamp": 1772033598,
    "market_id": "0xbf5c661a6d8c348adb83d13626a52799ac68e11b8497aa1bf0189d85eeb5099c",
    "market_label": "Will Tyrese Maxey win the 2025\u20132026 NBA MVP?",
    "wallet": "0x4df7da721042bf8b75bd1cb7acbeb7f83aaf522d",
    "size_usd": 348.106,
    "size": 348.106,
    "outcome": "Yes",
    "side": "Yes",
    "price": 0.9977127311795833
  },
  {
    "timestamp": 1772033598,
    "market_id": "0xbf5c661a6d8c348adb83d13626a52799ac68e11b8497aa1bf0189d85eeb5099c",
    "market_label": "Will Tyrese Maxey win the 2025\u20132026 NBA MVP?",
    "wallet": "0x14393c5e8ff270e1569b3c44ce986009715fc73c",
    "size_usd": 400.0,
    "size": 400.0,
    "outcome": "Yes",
    "side": "Yes",
    "price": 0.998
  },
  {
    "timestamp": 1772033596,
    "market_id": "0xbf5c661a6d8c348adb83d13626a52799ac68e11b8497aa1bf0189d85eeb5099c",
    "market_label": "Will Tyrese Maxey win the 2025\u20132026 NBA MVP?",
    "wallet": "0x36901eb0f21519cc9055662a6d2483e96da1e16f",
    "size_usd": 50.0,
    "size": 50.0,
    "outcome": "Yes",
    "side": "Yes",
    "price": 0.997
  },
  {
    "timestamp": 1772026378,
    "market_id": "0xbf5c661a6d8c348adb83d13626a52799ac68e11b8497aa1bf0189d85eeb5099c",
    "market_label": "Will Tyrese Maxey win the 2025\u20132026 NBA MVP?",
    "wallet": "0x5a0e83b8e7895fad8002d705f25cbc3400097b05",
    "size_usd": 216.29,
    "size": 216.29,
    "outcome": "No",
    "side": "No",
    "price": 0.995
  },
  {
    "timestamp": 1772025894,
    "market_id": "0xbf5c661a6d8c348adb83d13626a52799ac68e11b8497aa1bf0189d85eeb5099c",
    "market_label": "Will Tyrese Maxey win the 2025\u20132026 NBA MVP?",
    "wallet": "0xcd91a549956854fdc38efad7e80ff5da8f5432b8",
    "size_usd": 53.0,
    "size": 53.0,
    "outcome": "Yes",
    "side": "Yes",
    "price": 0.997
  },
  {
    "timestamp": 1772025686,
    "market_id": "0xbf5c661a6d8c348adb83d13626a52799ac68e11b8497aa1bf0189d85eeb5099c",
    "market_label": "Will Tyrese Maxey win the 2025\u20132026 NBA MVP?",
    "wallet": "0x45cac91afe5f46b3933a603fa4dcab1cc5a2fcc1",
    "size_usd": 261.56,
    "size": 261.56,
    "outcome": "No",
    "side": "No",
    "price": 0.9958934087781006
  },
  {
    "timestamp": 1772023922,
    "market_id": "0xbf5c661a6d8c348adb83d13626a52799ac68e11b8497aa1bf0189d85eeb5099c",
    "market_label": "Will Tyrese Maxey win the 2025\u20132026 NBA MVP?",
    "wallet": "0x15c89830fdc59b89067b2345432977c91dab775a",
    "size_usd": 75.22,
    "size": 75.22,
    "outcome": "No",
    "side": "No",
    "price": 0.996
  },
  {
    "timestamp": 1772023916,
    "market_id": "0xbf5c661a6d8c348adb83d13626a52799ac68e11b8497aa1bf0189d85eeb5099c",
    "market_label": "Will Tyrese Maxey win the 2025\u20132026 NBA MVP?",
    "wallet": "0x15c89830fdc59b89067b2345432977c91dab775a",
    "size_usd": 75.225666,
    "size": 75.225666,
    "outcome": "Yes",
    "side": "Yes",
    "price": 0.9969999999734134
  },
  {
    "timestamp": 1772021426,
    "market_id": "0xbf5c661a6d8c348adb83d13626a52799ac68e11b8497aa1bf0189d85eeb5099c",
    "market_label": "Will Tyrese Maxey win the 2025\u20132026 NBA MVP?",
    "wallet": "0x27669f469ebfa71375c9c7fe0107a852bee9b2c3",
    "size_usd": 104.13,
    "size": 104.13,
    "outcome": "Yes",
    "side": "Yes",
    "price": 0.997
  },
  {
    "timestamp": 1772015498,
    "market_id": "0xbf5c661a6d8c348adb83d13626a52799ac68e11b8497aa1bf0189d85eeb5099c",
    "market_label": "Will Tyrese Maxey win the 2025\u20132026 NBA MVP?",
    "wallet": "0x36901eb0f21519cc9055662a6d2483e96da1e16f",
    "size_usd": 50.0,
    "size": 50.0,
    "outcome": "Yes",
    "side": "Yes",
    "price": 0.997
  },
  {
    "timestamp": 1772015178,
    "market_id": "0xbf5c661a6d8c348adb83d13626a52799ac68e11b8497aa1bf0189d85eeb5099c",
    "market_label": "Will Tyrese Maxey win the 2025\u20132026 NBA MVP?",
    "wallet": "0xe8dd7741ccb12350957ec71e9ee332e0d1e6ec86",
    "size_usd": 77.552333,
    "size": 77.552333,
    "outcome": "Yes",
    "side": "Yes",
    "price": 0.9969999999871055
  },
  {
    "timestamp": 1772013912,
    "market_id": "0xbf5c661a6d8c348adb83d13626a52799ac68e11b8497aa1bf0189d85eeb5099c",
    "market_label": "Will Tyrese Maxey win the 2025\u20132026 NBA MVP?",
    "wallet": "0x30cecdf29f069563ea21b8ae94492e41e53a6b2b",
    "size_usd": 70.73,
    "size": 70.73,
    "outcome": "Yes",
    "side": "Yes",
    "price": 0.997
  },
  {
    "timestamp": 1772013774,
    "market_id": "0xbf5c661a6d8c348adb83d13626a52799ac68e11b8497aa1bf0189d85eeb5099c",
    "market_label": "Will Tyrese Maxey win the 2025\u20132026 NBA MVP?",
    "wallet": "0x30cecdf29f069563ea21b8ae94492e41e53a6b2b",
    "size_usd": 70.73,
    "size": 70.73,
    "outcome": "Yes",
    "side": "Yes",
    "price": 0.997
  },
  {
    "timestamp": 1772013686,
    "market_id": "0xbf5c661a6d8c348adb83d13626a52799ac68e11b8497aa1bf0189d85eeb5099c",
    "market_label": "Will Tyrese Maxey win the 2025\u20132026 NBA MVP?",
    "wallet": "0x30cecdf29f069563ea21b8ae94492e41e53a6b2b",
    "size_usd": 70.73,
    "size": 70.73,
    "outcome": "Yes",
    "side": "Yes",
    "price": 0.997
  },
  {
    "timestamp": 1772013588,
    "market_id": "0xbf5c661a6d8c348adb83d13626a52799ac68e11b8497aa1bf0189d85eeb5099c",
    "market_label": "Will Tyrese Maxey win the 2025\u20132026 NBA MVP?",
    "wallet": "0x30cecdf29f069563ea21b8ae94492e41e53a6b2b",
    "size_usd": 70.73,
    "size": 70.73,
    "outcome": "Yes",
    "side": "Yes",
    "price": 0.997
  },
  {
    "timestamp": 1772009512,
    "market_id": "0xbf5c661a6d8c348adb83d13626a52799ac68e11b8497aa1bf0189d85eeb5099c",
    "market_label": "Will Tyrese Maxey win the 2025\u20132026 NBA MVP?",
    "wallet": "0x36901eb0f21519cc9055662a6d2483e96da1e16f",
    "size_usd": 50.0,
    "size": 50.0,
    "outcome": "Yes",
    "side": "Yes",
    "price": 0.997
  },
  {
    "timestamp": 1772004822,
    "market_id": "0xbf5c661a6d8c348adb83d13626a52799ac68e11b8497aa1bf0189d85eeb5099c",
    "market_label": "Will Tyrese Maxey win the 2025\u20132026 NBA MVP?",
    "wallet": "0xe8dd7741ccb12350957ec71e9ee332e0d1e6ec86",
    "size_usd": 65.105,
    "size": 65.105,
    "outcome": "Yes",
    "side": "Yes",
    "price": 0.997
  },
  {
    "timestamp": 1772004790,
    "market_id": "0xbf5c661a6d8c348adb83d13626a52799ac68e11b8497aa1bf0189d85eeb5099c",
    "market_label": "Will Tyrese Maxey win the 2025\u20132026 NBA MVP?",
    "wallet": "0xe8dd7741ccb12350957ec71e9ee332e0d1e6ec86",
    "size_usd": 83.701,
    "size": 83.701,
    "outcome": "Yes",
    "side": "Yes",
    "price": 0.997
  },
  {
    "timestamp": 1772003586,
    "market_id": "0xbf5c661a6d8c348adb83d13626a52799ac68e11b8497aa1bf0189d85eeb5099c",
    "market_label": "Will Tyrese Maxey win the 2025\u20132026 NBA MVP?",
    "wallet": "0xe42f2d711a4cf3ec8aadd4bbe46bd266dce89e36",
    "size_usd": 398.36,
    "size": 398.36,
    "outcome": "No",
    "side": "No",
    "price": 0.996
  },
  {
    "timestamp": 1772000204,
    "market_id": "0xbf5c661a6d8c348adb83d13626a52799ac68e11b8497aa1bf0189d85eeb5099c",
    "market_label": "Will Tyrese Maxey win the 2025\u20132026 NBA MVP?",
    "wallet": "0xe3726a1b9c6ba2f06585d1c9e01d00afaedaeb38",
    "size_usd": 78.84,
    "size": 78.84,
    "outcome": "No",
    "side": "No",
    "price": 0.003
  },
  {
    "timestamp": 1771991704,
    "market_id": "0xbf5c661a6d8c348adb83d13626a52799ac68e11b8497aa1bf0189d85eeb5099c",
    "market_label": "Will Tyrese Maxey win the 2025\u20132026 NBA MVP?",
    "wallet": "0xe42f2d711a4cf3ec8aadd4bbe46bd266dce89e36",
    "size_usd": 398.365,
    "size": 398.365,
    "outcome": "Yes",
    "side": "Yes",
    "price": 0.997
  },
  {
    "timestamp": 1771991098,
    "market_id": "0xbf5c661a6d8c348adb83d13626a52799ac68e11b8497aa1bf0189d85eeb5099c",
    "market_label": "Will Tyrese Maxey win the 2025\u20132026 NBA MVP?",
    "wallet": "0xa3ad70cf48a2f2b44163e798223c01a2c2536866",
    "size_usd": 52.0,
    "size": 52.0,
    "outcome": "Yes",
    "side": "Yes",
    "price": 0.997
  },
  {
    "timestamp": 1771986414,
    "market_id": "0xbf5c661a6d8c348adb83d13626a52799ac68e11b8497aa1bf0189d85eeb5099c",
    "market_label": "Will Tyrese Maxey win the 2025\u20132026 NBA MVP?",
    "wallet": "0xad57e9b1b83e7eec04442bdc867cc0069a1c740b",
    "size_usd": 283.15,
    "size": 283.15,
    "outcome": "No",
    "side": "No",
    "price": 0.996
  },
  {
    "timestamp": 1771978110,
    "market_id": "0xbf5c661a6d8c348adb83d13626a52799ac68e11b8497aa1bf0189d85eeb5099c",
    "market_label": "Will Tyrese Maxey win the 2025\u20132026 NBA MVP?",
    "wallet": "0x061d42892935c2d96e618830b3c93e6e467e0dd3",
    "size_usd": 50.0,
    "size": 50.0,
    "outcome": "Yes",
    "side": "Yes",
    "price": 0.997
  },
  {
    "timestamp": 1771978110,
    "market_id": "0xbf5c661a6d8c348adb83d13626a52799ac68e11b8497aa1bf0189d85eeb5099c",
    "market_label": "Will Tyrese Maxey win the 2025\u20132026 NBA MVP?",
    "wallet": "0x36901eb0f21519cc9055662a6d2483e96da1e16f",
    "size_usd": 50.0,
    "size": 50.0,
    "outcome": "Yes",
    "side": "Yes",
    "price": 0.997
  },
  {
    "timestamp": 1771964604,
    "market_id": "0xbf5c661a6d8c348adb83d13626a52799ac68e11b8497aa1bf0189d85eeb5099c",
    "market_label": "Will Tyrese Maxey win the 2025\u20132026 NBA MVP?",
    "wallet": "0xe8dd7741ccb12350957ec71e9ee332e0d1e6ec86",
    "size_usd": 60.0,
    "size": 60.0,
    "outcome": "Yes",
    "side": "Yes",
    "price": 0.997
  },
  {
    "timestamp": 1771963154,
    "market_id": "0xbf5c661a6d8c348adb83d13626a52799ac68e11b8497aa1bf0189d85eeb5099c",
    "market_label": "Will Tyrese Maxey win the 2025\u20132026 NBA MVP?",
    "wallet": "0xa3ad70cf48a2f2b44163e798223c01a2c2536866",
    "size_usd": 53.0,
    "size": 53.0,
    "outcome": "Yes",
    "side": "Yes",
    "price": 0.997
  },
  {
    "timestamp": 1771963036,
    "market_id": "0xbf5c661a6d8c348adb83d13626a52799ac68e11b8497aa1bf0189d85eeb5099c",
    "market_label": "Will Tyrese Maxey win the 2025\u20132026 NBA MVP?",
    "wallet": "0xe8dd7741ccb12350957ec71e9ee332e0d1e6ec86",
    "size_usd": 54.714,
    "size": 54.714,
    "outcome": "Yes",
    "side": "Yes",
    "price": 0.997
  },
  {
    "timestamp": 1771962914,
    "market_id": "0xbf5c661a6d8c348adb83d13626a52799ac68e11b8497aa1bf0189d85eeb5099c",
    "market_label": "Will Tyrese Maxey win the 2025\u20132026 NBA MVP?",
    "wallet": "0x1d8c256b15d3cd1f5db221e70c77f552eb8d757a",
    "size_usd": 97.0,
    "size": 97.0,
    "outcome": "Yes",
    "side": "Yes",
    "price": 0.997
  },
  {
    "timestamp": 1771962914,
    "market_id": "0xbf5c661a6d8c348adb83d13626a52799ac68e11b8497aa1bf0189d85eeb5099c",
    "market_label": "Will Tyrese Maxey win the 2025\u20132026 NBA MVP?",
    "wallet": "0xa3ad70cf48a2f2b44163e798223c01a2c2536866",
    "size_usd": 76.0,
    "size": 76.0,
    "outcome": "Yes",
    "side": "Yes",
    "price": 0.997
  },
  {
    "timestamp": 1771962792,
    "market_id": "0xbf5c661a6d8c348adb83d13626a52799ac68e11b8497aa1bf0189d85eeb5099c",
    "market_label": "Will Tyrese Maxey win the 2025\u20132026 NBA MVP?",
    "wallet": "0xe8dd7741ccb12350957ec71e9ee332e0d1e6ec86",
    "size_usd": 68.635666,
    "size": 68.635666,
    "outcome": "Yes",
    "side": "Yes",
    "price": 0.9969999999708606
  },
  {
    "timestamp": 1771962792,
    "market_id": "0xbf5c661a6d8c348adb83d13626a52799ac68e11b8497aa1bf0189d85eeb5099c",
    "market_label": "Will Tyrese Maxey win the 2025\u20132026 NBA MVP?",
    "wallet": "0x1d8c256b15d3cd1f5db221e70c77f552eb8d757a",
    "size_usd": 53.79,
    "size": 53.79,
    "outcome": "Yes",
    "side": "Yes",
    "price": 0.997
  },
  {
    "timestamp": 1771962388,
    "market_id": "0xbf5c661a6d8c348adb83d13626a52799ac68e11b8497aa1bf0189d85eeb5099c",
    "market_label": "Will Tyrese Maxey win the 2025\u20132026 NBA MVP?",
    "wallet": "0x1d8c256b15d3cd1f5db221e70c77f552eb8d757a",
    "size_usd": 118.0,
    "size": 118.0,
    "outcome": "Yes",
    "side": "Yes",
    "price": 0.997
  },
  {
    "timestamp": 1771962376,
    "market_id": "0xbf5c661a6d8c348adb83d13626a52799ac68e11b8497aa1bf0189d85eeb5099c",
    "market_label": "Will Tyrese Maxey win the 2025\u20132026 NBA MVP?",
    "wallet": "0xa3ad70cf48a2f2b44163e798223c01a2c2536866",
    "size_usd": 52.0,
    "size": 52.0,
    "outcome": "Yes",
    "side": "Yes",
    "price": 0.997
  },
  {
    "timestamp": 1771961780,
    "market_id": "0xbf5c661a6d8c348adb83d13626a52799ac68e11b8497aa1bf0189d85eeb5099c",
    "market_label": "Will Tyrese Maxey win the 2025\u20132026 NBA MVP?",
    "wallet": "0x1d8c256b15d3cd1f5db221e70c77f552eb8d757a",
    "size_usd": 67.0,
    "size": 67.0,
    "outcome": "Yes",
    "side": "Yes",
    "price": 0.997
  },
  {
    "timestamp": 1771961780,
    "market_id": "0xbf5c661a6d8c348adb83d13626a52799ac68e11b8497aa1bf0189d85eeb5099c",
    "market_label": "Will Tyrese Maxey win the 2025\u20132026 NBA MVP?",
    "wallet": "0x36901eb0f21519cc9055662a6d2483e96da1e16f",
    "size_usd": 50.0,
    "size": 50.0,
    "outcome": "Yes",
    "side": "Yes",
    "price": 0.997
  },
  {
    "timestamp": 1771954268,
    "market_id": "0xbf5c661a6d8c348adb83d13626a52799ac68e11b8497aa1bf0189d85eeb5099c",
    "market_label": "Will Tyrese Maxey win the 2025\u20132026 NBA MVP?",
    "wallet": "0x090af6fd2aeb04202abc97370aa86c1b81d90fa6",
    "size_usd": 50.0,
    "size": 50.0,
    "outcome": "Yes",
    "side": "Yes",
    "price": 0.997
  },
  {
    "timestamp": 1771954268,
    "market_id": "0xbf5c661a6d8c348adb83d13626a52799ac68e11b8497aa1bf0189d85eeb5099c",
    "market_label": "Will Tyrese Maxey win the 2025\u20132026 NBA MVP?",
    "wallet": "0xb6fa57039ea79185895500dbd0067c288594abcf",
    "size_usd": 70.0,
    "size": 70.0,
    "outcome": "Yes",
    "side": "Yes",
    "price": 0.997
  },
  {
    "timestamp": 1771954266,
    "market_id": "0xbf5c661a6d8c348adb83d13626a52799ac68e11b8497aa1bf0189d85eeb5099c",
    "market_label": "Will Tyrese Maxey win the 2025\u20132026 NBA MVP?",
    "wallet": "0xa3ad70cf48a2f2b44163e798223c01a2c2536866",
    "size_usd": 76.0,
    "size": 76.0,
    "outcome": "Yes",
    "side": "Yes",
    "price": 0.997
  },
  {
    "timestamp": 1771954000,
    "market_id": "0xbf5c661a6d8c348adb83d13626a52799ac68e11b8497aa1bf0189d85eeb5099c",
    "market_label": "Will Tyrese Maxey win the 2025\u20132026 NBA MVP?",
    "wallet": "0xe3726a1b9c6ba2f06585d1c9e01d00afaedaeb38",
    "size_usd": 51.78,
    "size": 51.78,
    "outcome": "No",
    "side": "No",
    "price": 0.003
  },
  {
    "timestamp": 1771949072,
    "market_id": "0xbf5c661a6d8c348adb83d13626a52799ac68e11b8497aa1bf0189d85eeb5099c",
    "market_label": "Will Tyrese Maxey win the 2025\u20132026 NBA MVP?",
    "wallet": "0xe8dd7741ccb12350957ec71e9ee332e0d1e6ec86",
    "size_usd": 78.906666,
    "size": 78.906666,
    "outcome": "Yes",
    "side": "Yes",
    "price": 0.9969999999746536
  },
  {
    "timestamp": 1771949072,
    "market_id": "0xbf5c661a6d8c348adb83d13626a52799ac68e11b8497aa1bf0189d85eeb5099c",
    "market_label": "Will Tyrese Maxey win the 2025\u20132026 NBA MVP?",
    "wallet": "0xe8dd7741ccb12350957ec71e9ee332e0d1e6ec86",
    "size_usd": 130.0,
    "size": 130.0,
    "outcome": "Yes",
    "side": "Yes",
    "price": 0.997
  },
  {
    "timestamp": 1771939940,
    "market_id": "0xbf5c661a6d8c348adb83d13626a52799ac68e11b8497aa1bf0189d85eeb5099c",
    "market_label": "Will Tyrese Maxey win the 2025\u20132026 NBA MVP?",
    "wallet": "0xe8dd7741ccb12350957ec71e9ee332e0d1e6ec86",
    "size_usd": 56.559666,
    "size": 56.559666,
    "outcome": "Yes",
    "side": "Yes",
    "price": 0.9969999999646391
  },
  {
    "timestamp": 1771939918,
    "market_id": "0xbf5c661a6d8c348adb83d13626a52799ac68e11b8497aa1bf0189d85eeb5099c",
    "market_label": "Will Tyrese Maxey win the 2025\u20132026 NBA MVP?",
    "wallet": "0xa3ad70cf48a2f2b44163e798223c01a2c2536866",
    "size_usd": 50.0,
    "size": 50.0,
    "outcome": "Yes",
    "side": "Yes",
    "price": 0.997
  },
  {
    "timestamp": 1772771279,
    "market_id": "0xab74cdeb9959f12e6d4d89184b65233a147ea75063b0ceb36e7783715172072d",
    "market_label": "Spread: FC Bayern M\u00fcnchen (-2.5)",
    "wallet": "0x7b2c123bceec0c3d0fd206a19c283af65932af48",
    "size_usd": 200.0,
    "size": 200.0,
    "outcome": "Yes",
    "side": "Yes",
    "price": 0.44
  },
  {
    "timestamp": 1772771269,
    "market_id": "0xab74cdeb9959f12e6d4d89184b65233a147ea75063b0ceb36e7783715172072d",
    "market_label": "Spread: FC Bayern M\u00fcnchen (-2.5)",
    "wallet": "0x204f72f35326db932158cba6adff0b9a1da95e14",
    "size_usd": 96.0,
    "size": 96.0,
    "outcome": "Yes",
    "side": "Yes",
    "price": 0.44
  },
  {
    "timestamp": 1772771269,
    "market_id": "0xab74cdeb9959f12e6d4d89184b65233a147ea75063b0ceb36e7783715172072d",
    "market_label": "Spread: FC Bayern M\u00fcnchen (-2.5)",
    "wallet": "0x7b2c123bceec0c3d0fd206a19c283af65932af48",
    "size_usd": 100.0,
    "size": 100.0,
    "outcome": "Yes",
    "side": "Yes",
    "price": 0.44
  },
  {
    "timestamp": 1772771267,
    "market_id": "0xab74cdeb9959f12e6d4d89184b65233a147ea75063b0ceb36e7783715172072d",
    "market_label": "Spread: FC Bayern M\u00fcnchen (-2.5)",
    "wallet": "0x204f72f35326db932158cba6adff0b9a1da95e14",
    "size_usd": 238.0,
    "size": 238.0,
    "outcome": "Yes",
    "side": "Yes",
    "price": 0.44
  },
  {
    "timestamp": 1772771253,
    "market_id": "0xab74cdeb9959f12e6d4d89184b65233a147ea75063b0ceb36e7783715172072d",
    "market_label": "Spread: FC Bayern M\u00fcnchen (-2.5)",
    "wallet": "0x204f72f35326db932158cba6adff0b9a1da95e14",
    "size_usd": 162.0,
    "size": 162.0,
    "outcome": "Yes",
    "side": "Yes",
    "price": 0.44
  },
  {
    "timestamp": 1772771163,
    "market_id": "0xab74cdeb9959f12e6d4d89184b65233a147ea75063b0ceb36e7783715172072d",
    "market_label": "Spread: FC Bayern M\u00fcnchen (-2.5)",
    "wallet": "0x204f72f35326db932158cba6adff0b9a1da95e14",
    "size_usd": 311.0,
    "size": 311.0,
    "outcome": "Yes",
    "side": "Yes",
    "price": 0.44
  },
  {
    "timestamp": 1772771161,
    "market_id": "0xab74cdeb9959f12e6d4d89184b65233a147ea75063b0ceb36e7783715172072d",
    "market_label": "Spread: FC Bayern M\u00fcnchen (-2.5)",
    "wallet": "0x204f72f35326db932158cba6adff0b9a1da95e14",
    "size_usd": 183.0,
    "size": 183.0,
    "outcome": "Yes",
    "side": "Yes",
    "price": 0.44
  },
  {
    "timestamp": 1772771131,
    "market_id": "0xab74cdeb9959f12e6d4d89184b65233a147ea75063b0ceb36e7783715172072d",
    "market_label": "Spread: FC Bayern M\u00fcnchen (-2.5)",
    "wallet": "0x204f72f35326db932158cba6adff0b9a1da95e14",
    "size_usd": 431.0,
    "size": 431.0,
    "outcome": "Yes",
    "side": "Yes",
    "price": 0.44
  },
  {
    "timestamp": 1772771107,
    "market_id": "0xab74cdeb9959f12e6d4d89184b65233a147ea75063b0ceb36e7783715172072d",
    "market_label": "Spread: FC Bayern M\u00fcnchen (-2.5)",
    "wallet": "0x1e98b8e88c99084f36603c3ce450090bbcaa110b",
    "size_usd": 166.67,
    "size": 166.67,
    "outcome": "Yes",
    "side": "Yes",
    "price": 0.44
  },
  {
    "timestamp": 1772771101,
    "market_id": "0xab74cdeb9959f12e6d4d89184b65233a147ea75063b0ceb36e7783715172072d",
    "market_label": "Spread: FC Bayern M\u00fcnchen (-2.5)",
    "wallet": "0x7b2c123bceec0c3d0fd206a19c283af65932af48",
    "size_usd": 100.0,
    "size": 100.0,
    "outcome": "Yes",
    "side": "Yes",
    "price": 0.44
  },
  {
    "timestamp": 1772771091,
    "market_id": "0xab74cdeb9959f12e6d4d89184b65233a147ea75063b0ceb36e7783715172072d",
    "market_label": "Spread: FC Bayern M\u00fcnchen (-2.5)",
    "wallet": "0x204f72f35326db932158cba6adff0b9a1da95e14",
    "size_usd": 71.0,
    "size": 71.0,
    "outcome": "Yes",
