[
  {
    "timestamp": 1772387673,
    "market_id": "0x8d992a2c8ec4f9865986a9efea9baf859b7ba7f419dcb76d287aea07b52f16c3",
    "market_label": "Rinderknech vs. Draper: Set 1 Games O/U 10.5",
    "wallet": "0xbd9e2a1ddc5f949edd5a1168ec2fd75f783a6872",
    "size_usd": 1000.0,
    "size": 1000.0,
    "outcome": "Yes",
    "side": "Yes",
    "price": 0.001
  },
  {
    "timestamp": 1772620317,
    "market_id": "0x93e687c098195ebbcd90244d2a2239569a2cf4b0c7234c06a11e7ab871449429",
    "market_label": "Spread: Deportivo Pereira (-2.5)",
    "wallet": "0x586d6eb20da348501206e18eba11be8fe9f6c5dc",
    "size_usd": 1012.4483,
    "size": 1012.4483,
    "outcome": "Yes",
    "side": "Yes",
    "price": 0.9472088451331293
  },
  {
    "timestamp": 1772701265,
    "market_id": "0x8eae0c86e128f7a8d5dd4ca7dfdae47b2970c6e55d3e16a404edff7df974358b",
    "market_label": "Mavericks vs. Magic",
    "wallet": "0x8a36ffa15ec8a89505d9793f31059eafc1f5e201",
    "size_usd": 1291.666665,
    "size": 1291.666665,
    "outcome": "Mavericks",
    "side": "Mavericks",
    "price": 0.23999999953548387
  },
  {
    "timestamp": 1772710687,
    "market_id": "0x8eae0c86e128f7a8d5dd4ca7dfdae47b2970c6e55d3e16a404edff7df974358b",
    "market_label": "Mavericks vs. Magic",
    "wallet": "0xe2cf7f3715640bdda625974ab3d3c83495edd1e7",
    "size_usd": 6493.506491,
    "size": 6493.506491,
    "outcome": "Magic",
    "side": "Magic",
    "price": 0.76999999998922
  },
  {
    "timestamp": 1772711257,
    "market_id": "0x8eae0c86e128f7a8d5dd4ca7dfdae47b2970c6e55d3e16a404edff7df974358b",
    "market_label": "Mavericks vs. Magic",
    "wallet": "0xa0c398e192155d2a945c7fe5a260e7ffa75dc5f8",
    "size_usd": 2500.0,
    "size": 2500.0,
    "outcome": "Magic",
    "side": "Magic",
    "price": 0.77
  },
  {
    "timestamp": 1772704129,
    "market_id": "0xbf5c661a6d8c348adb83d13626a52799ac68e11b8497aa1bf0189d85eeb5099c",
    "market_label": "Will Tyrese Maxey win the 2025\u20132026 NBA MVP?",
    "wallet": "0xbe9e255a1cabd0c02efa873e0e5dc6e5d7f0232d",
    "size_usd": 1649.0,
    "size": 1649.0,
    "outcome": "No",
    "side": "No",
    "price": 0.003
  },
  {
    "timestamp": 1772702841,
    "market_id": "0xbf5c661a6d8c348adb83d13626a52799ac68e11b8497aa1bf0189d85eeb5099c",
    "market_label": "Will Tyrese Maxey win the 2025\u20132026 NBA MVP?",
    "wallet": "0xbe9e255a1cabd0c02efa873e0e5dc6e5d7f0232d",
    "size_usd": 2364.0,
    "size": 2364.0,
    "outcome": "Yes",
    "side": "Yes",
    "price": 0.003
  },
  {
    "timestamp": 1772691765,
    "market_id": "0xbf5c661a6d8c348adb83d13626a52799ac68e11b8497aa1bf0189d85eeb5099c",
    "market_label": "Will Tyrese Maxey win the 2025\u20132026 NBA MVP?",
    "wallet": "0xa22813790ae0eab6954397d1e6860ccaf2a16752",
    "size_usd": 2252.0,
    "size": 2252.0,
    "outcome": "Yes",
    "side": "Yes",
    "price": 0.003
  },
  {
    "timestamp": 1772682735,
    "market_id": "0xbf5c661a6d8c348adb83d13626a52799ac68e11b8497aa1bf0189d85eeb5099c",
    "market_label": "Will Tyrese Maxey win the 2025\u20132026 NBA MVP?",
    "wallet": "0xa4f5fa0a34344635e621d47bf3766845a4c29c5e",
    "size_usd": 2488.0,
    "size": 2488.0,
    "outcome": "No",
    "side": "No",
    "price": 0.003
  },
  {
    "timestamp": 1772681749,
    "market_id": "0xbf5c661a6d8c348adb83d13626a52799ac68e11b8497aa1bf0189d85eeb5099c",
    "market_label": "Will Tyrese Maxey win the 2025\u20132026 NBA MVP?",
    "wallet": "0xa4f5fa0a34344635e621d47bf3766845a4c29c5e",
    "size_usd": 2488.0,
    "size": 2488.0,
    "outcome": "Yes",
    "side": "Yes",
    "price": 0.003
  },
  {
    "timestamp": 1772681147,
    "market_id": "0xbf5c661a6d8c348adb83d13626a52799ac68e11b8497aa1bf0189d85eeb5099c",
    "market_label": "Will Tyrese Maxey win the 2025\u20132026 NBA MVP?",
    "wallet": "0x2906977916c9e14cf64bb1202e71bc45bc843290",
    "size_usd": 1644.0,
    "size": 1644.0,
    "outcome": "Yes",
    "side": "Yes",
    "price": 0.003
  },
  {
    "timestamp": 1772640865,
    "market_id": "0xbf5c661a6d8c348adb83d13626a52799ac68e11b8497aa1bf0189d85eeb5099c",
    "market_label": "Will Tyrese Maxey win the 2025\u20132026 NBA MVP?",
    "wallet": "0x3d569b6344218a1a9898bc3d9ef6ebbf6e545970",
    "size_usd": 1400.0,
    "size": 1400.0,
    "outcome": "Yes",
    "side": "Yes",
    "price": 0.998
  },
  {
    "timestamp": 1772620131,
    "market_id": "0xbf5c661a6d8c348adb83d13626a52799ac68e11b8497aa1bf0189d85eeb5099c",
    "market_label": "Will Tyrese Maxey win the 2025\u20132026 NBA MVP?",
    "wallet": "0x789fc6a40f2d1901fd505e057520bd8de84d2132",
    "size_usd": 2472.0,
    "size": 2472.0,
    "outcome": "No",
    "side": "No",
    "price": 0.003
  },
  {
    "timestamp": 1772619263,
    "market_id": "0xbf5c661a6d8c348adb83d13626a52799ac68e11b8497aa1bf0189d85eeb5099c",
    "market_label": "Will Tyrese Maxey win the 2025\u20132026 NBA MVP?",
    "wallet": "0x789fc6a40f2d1901fd505e057520bd8de84d2132",
    "size_usd": 2472.0,
    "size": 2472.0,
    "outcome": "Yes",
    "side": "Yes",
    "price": 0.003
  },
  {
    "timestamp": 1772611185,
    "market_id": "0xbf5c661a6d8c348adb83d13626a52799ac68e11b8497aa1bf0189d85eeb5099c",
    "market_label": "Will Tyrese Maxey win the 2025\u20132026 NBA MVP?",
    "wallet": "0x7728e5c5e34bca8d3cf5bdbac817aa74258d0d0a",
    "size_usd": 2428.0,
    "size": 2428.0,
    "outcome": "No",
    "side": "No",
    "price": 0.003
  },
  {
    "timestamp": 1772609783,
    "market_id": "0xbf5c661a6d8c348adb83d13626a52799ac68e11b8497aa1bf0189d85eeb5099c",
    "market_label": "Will Tyrese Maxey win the 2025\u20132026 NBA MVP?",
    "wallet": "0x7728e5c5e34bca8d3cf5bdbac817aa74258d0d0a",
    "size_usd": 2428.0,
    "size": 2428.0,
    "outcome": "Yes",
    "side": "Yes",
    "price": 0.003
  },
  {
    "timestamp": 1772607217,
    "market_id": "0xbf5c661a6d8c348adb83d13626a52799ac68e11b8497aa1bf0189d85eeb5099c",
    "market_label": "Will Tyrese Maxey win the 2025\u20132026 NBA MVP?",
    "wallet": "0xacb93f93f5ecadd30d5cd811f85498b74ae168d7",
    "size_usd": 2342.0,
    "size": 2342.0,
    "outcome": "No",
    "side": "No",
    "price": 0.003
  },
  {
    "timestamp": 1772605783,
    "market_id": "0xbf5c661a6d8c348adb83d13626a52799ac68e11b8497aa1bf0189d85eeb5099c",
    "market_label": "Will Tyrese Maxey win the 2025\u20132026 NBA MVP?",
    "wallet": "0xacb93f93f5ecadd30d5cd811f85498b74ae168d7",
    "size_usd": 2342.0,
    "size": 2342.0,
    "outcome": "Yes",
    "side": "Yes",
    "price": 0.003
  },
  {
    "timestamp": 1772596877,
    "market_id": "0xbf5c661a6d8c348adb83d13626a52799ac68e11b8497aa1bf0189d85eeb5099c",
    "market_label": "Will Tyrese Maxey win the 2025\u20132026 NBA MVP?",
    "wallet": "0x2ec4c5b55d1e87acba9ee14d2c17f96634ba055a",
    "size_usd": 2549.0,
    "size": 2549.0,
    "outcome": "Yes",
    "side": "Yes",
    "price": 0.003
  },
  {
    "timestamp": 1772593283,
    "market_id": "0xbf5c661a6d8c348adb83d13626a52799ac68e11b8497aa1bf0189d85eeb5099c",
    "market_label": "Will Tyrese Maxey win the 2025\u20132026 NBA MVP?",
    "wallet": "0x0175bf125753101bce9a92bd3e01fe98052649a2",
    "size_usd": 2366.0,
    "size": 2366.0,
    "outcome": "No",
    "side": "No",
    "price": 0.003
  },
  {
    "timestamp": 1772592281,
    "market_id": "0xbf5c661a6d8c348adb83d13626a52799ac68e11b8497aa1bf0189d85eeb5099c",
    "market_label": "Will Tyrese Maxey win the 2025\u20132026 NBA MVP?",
    "wallet": "0x0175bf125753101bce9a92bd3e01fe98052649a2",
    "size_usd": 2366.0,
    "size": 2366.0,
    "outcome": "Yes",
    "side": "Yes",
    "price": 0.003
  },
  {
    "timestamp": 1772442581,
    "market_id": "0xbf5c661a6d8c348adb83d13626a52799ac68e11b8497aa1bf0189d85eeb5099c",
    "market_label": "Will Tyrese Maxey win the 2025\u20132026 NBA MVP?",
    "wallet": "0x85de1361efd5c682f6eb7d3a63306bf425373717",
    "size_usd": 1237.68,
    "size": 1237.68,
    "outcome": "No",
    "side": "No",
    "price": 0.002
  },
  {
    "timestamp": 1772194325,
    "market_id": "0xbf5c661a6d8c348adb83d13626a52799ac68e11b8497aa1bf0189d85eeb5099c",
    "market_label": "Will Tyrese Maxey win the 2025\u20132026 NBA MVP?",
    "wallet": "0xab6c1ad19fdf64f7c951ea453a57003c99438a73",
    "size_usd": 2898.0,
    "size": 2898.0,
    "outcome": "No",
    "side": "No",
    "price": 0.996
  },
  {
    "timestamp": 1772193897,
    "market_id": "0xbf5c661a6d8c348adb83d13626a52799ac68e11b8497aa1bf0189d85eeb5099c",
    "market_label": "Will Tyrese Maxey win the 2025\u20132026 NBA MVP?",
    "wallet": "0xab6c1ad19fdf64f7c951ea453a57003c99438a73",
    "size_usd": 2898.0,
    "size": 2898.0,
    "outcome": "Yes",
    "side": "Yes",
    "price": 0.997
  },
  {
    "timestamp": 1772111390,
    "market_id": "0xbf5c661a6d8c348adb83d13626a52799ac68e11b8497aa1bf0189d85eeb5099c",
    "market_label": "Will Tyrese Maxey win the 2025\u20132026 NBA MVP?",
    "wallet": "0x51f9e9ec07cc0705b603fcc0a950070678c0ecf6",
    "size_usd": 1313.941666,
    "size": 1313.941666,
    "outcome": "Yes",
    "side": "Yes",
    "price": 0.9969999999984779
  },
  {
    "timestamp": 1772108320,
    "market_id": "0xbf5c661a6d8c348adb83d13626a52799ac68e11b8497aa1bf0189d85eeb5099c",
    "market_label": "Will Tyrese Maxey win the 2025\u20132026 NBA MVP?",
    "wallet": "0x18d9051474e6f3cdb9dc4e1fa0e8f2e1d43191f9",
    "size_usd": 2778.0,
    "size": 2778.0,
    "outcome": "No",
    "side": "No",
    "price": 0.996
  },
  {
    "timestamp": 1772108056,
    "market_id": "0xbf5c661a6d8c348adb83d13626a52799ac68e11b8497aa1bf0189d85eeb5099c",
    "market_label": "Will Tyrese Maxey win the 2025\u20132026 NBA MVP?",
    "wallet": "0x18d9051474e6f3cdb9dc4e1fa0e8f2e1d43191f9",
    "size_usd": 2778.0,
    "size": 2778.0,
    "outcome": "Yes",
    "side": "Yes",
    "price": 0.997
  },
  {
    "timestamp": 1772054600,
    "market_id": "0xbf5c661a6d8c348adb83d13626a52799ac68e11b8497aa1bf0189d85eeb5099c",
    "market_label": "Will Tyrese Maxey win the 2025\u20132026 NBA MVP?",
    "wallet": "0x9840267d9712d0284ab1c7b5624ca9512d8f4530",
    "size_usd": 1714.45,
    "size": 1714.45,
    "outcome": "No",
    "side": "No",
    "price": 0.996
  },
  {
    "timestamp": 1772054600,
    "market_id": "0xbf5c661a6d8c348adb83d13626a52799ac68e11b8497aa1bf0189d85eeb5099c",
    "market_label": "Will Tyrese Maxey win the 2025\u20132026 NBA MVP?",
    "wallet": "0xedf788083dd99ef199d7a5eb284232d80aaf5644",
    "size_usd": 1025.45,
    "size": 1025.45,
    "outcome": "No",
    "side": "No",
    "price": 0.996
  },
  {
    "timestamp": 1772054600,
    "market_id": "0xbf5c661a6d8c348adb83d13626a52799ac68e11b8497aa1bf0189d85eeb5099c",
    "market_label": "Will Tyrese Maxey win the 2025\u20132026 NBA MVP?",
    "wallet": "0x229ed0ecbdc6f5c073fd9d55f29d029067044d6e",
    "size_usd": 1351.66,
    "size": 1351.66,
    "outcome": "No",
    "side": "No",
    "price": 0.996
  },
  {
    "timestamp": 1772053592,
    "market_id": "0xbf5c661a6d8c348adb83d13626a52799ac68e11b8497aa1bf0189d85eeb5099c",
    "market_label": "Will Tyrese Maxey win the 2025\u20132026 NBA MVP?",
    "wallet": "0xa1b79ac24f523de78581ae8f635c6aee97905383",
    "size_usd": 1555.34,
    "size": 1555.34,
    "outcome": "No",
    "side": "No",
    "price": 0.996
  },
  {
    "timestamp": 1772051166,
    "market_id": "0xbf5c661a6d8c348adb83d13626a52799ac68e11b8497aa1bf0189d85eeb5099c",
    "market_label": "Will Tyrese Maxey win the 2025\u20132026 NBA MVP?",
    "wallet": "0x9840267d9712d0284ab1c7b5624ca9512d8f4530",
    "size_usd": 1714.453333,
    "size": 1714.453333,
    "outcome": "Yes",
    "side": "Yes",
    "price": 0.9969999999994167
  },
  {
    "timestamp": 1772050992,
    "market_id": "0xbf5c661a6d8c348adb83d13626a52799ac68e11b8497aa1bf0189d85eeb5099c",
    "market_label": "Will Tyrese Maxey win the 2025\u20132026 NBA MVP?",
    "wallet": "0xedf788083dd99ef199d7a5eb284232d80aaf5644",
    "size_usd": 1025.456333,
    "size": 1025.456333,
    "outcome": "Yes",
    "side": "Yes",
    "price": 0.9969999999990248
  },
  {
    "timestamp": 1772050984,
    "market_id": "0xbf5c661a6d8c348adb83d13626a52799ac68e11b8497aa1bf0189d85eeb5099c",
    "market_label": "Will Tyrese Maxey win the 2025\u20132026 NBA MVP?",
    "wallet": "0xa1b79ac24f523de78581ae8f635c6aee97905383",
    "size_usd": 1555.346,
    "size": 1555.346,
    "outcome": "Yes",
    "side": "Yes",
    "price": 0.997
  },
  {
    "timestamp": 1772050972,
    "market_id": "0xbf5c661a6d8c348adb83d13626a52799ac68e11b8497aa1bf0189d85eeb5099c",
    "market_label": "Will Tyrese Maxey win the 2025\u20132026 NBA MVP?",
    "wallet": "0x229ed0ecbdc6f5c073fd9d55f29d029067044d6e",
    "size_usd": 1351.664666,
    "size": 1351.664666,
    "outcome": "Yes",
    "side": "Yes",
    "price": 0.9969999999985203
  },
  {
    "timestamp": 1772774571,
    "market_id": "0xaad3d2e09818ea10638d08b61211e403c6a2b037da48ca2f4d33ff0645120874",
    "market_label": "Spread: Pelicans (-4.5)",
    "wallet": "0x027b5b9468451566b53b293a53c42669f3de019c",
    "size_usd": 1251.84,
    "size": 1251.84,
    "outcome": "No",
    "side": "No",
    "price": 0.999
  },
  {
    "timestamp": 1772774221,
    "market_id": "0xaad3d2e09818ea10638d08b61211e403c6a2b037da48ca2f4d33ff0645120874",
    "market_label": "Spread: Pelicans (-4.5)",
    "wallet": "0x027b5b9468451566b53b293a53c42669f3de019c",
    "size_usd": 1251.841975,
    "size": 1251.841975,
    "outcome": "Yes",
    "side": "Yes",
    "price": 0.9503435894933944
  },
  {
    "timestamp": 1772769509,
    "market_id": "0xaad3d2e09818ea10638d08b61211e403c6a2b037da48ca2f4d33ff0645120874",
    "market_label": "Spread: Pelicans (-4.5)",
    "wallet": "0x204f72f35326db932158cba6adff0b9a1da95e14",
    "size_usd": 2568.0,
    "size": 2568.0,
    "outcome": "Yes",
    "side": "Yes",
    "price": 0.49
  },
  {
    "timestamp": 1772768623,
    "market_id": "0xaad3d2e09818ea10638d08b61211e403c6a2b037da48ca2f4d33ff0645120874",
    "market_label": "Spread: Pelicans (-4.5)",
    "wallet": "0x204f72f35326db932158cba6adff0b9a1da95e14",
    "size_usd": 4771.0,
    "size": 4771.0,
    "outcome": "Yes",
    "side": "Yes",
    "price": 0.55
  },
  {
    "timestamp": 1772767147,
    "market_id": "0xaad3d2e09818ea10638d08b61211e403c6a2b037da48ca2f4d33ff0645120874",
    "market_label": "Spread: Pelicans (-4.5)",
    "wallet": "0x9cf0b5a80535cc91768214ade4117e41bbf38b2b",
    "size_usd": 2351.99,
    "size": 2351.99,
    "outcome": "Yes",
    "side": "Yes",
    "price": 0.48
  },
  {
    "timestamp": 1772763265,
    "market_id": "0xaad3d2e09818ea10638d08b61211e403c6a2b037da48ca2f4d33ff0645120874",
    "market_label": "Spread: Pelicans (-4.5)",
    "wallet": "0xee613b3fc183ee44f9da9c05f53e2da107e3debf",
    "size_usd": 1296.61,
    "size": 1296.61,
    "outcome": "Yes",
    "side": "Yes",
    "price": 0.59
  },
  {
    "timestamp": 1772763195,
    "market_id": "0xaad3d2e09818ea10638d08b61211e403c6a2b037da48ca2f4d33ff0645120874",
    "market_label": "Spread: Pelicans (-4.5)",
    "wallet": "0x6d3c5bd13984b2de47c3a88ddc455309aab3d294",
    "size_usd": 1140.22,
    "size": 1140.22,
    "outcome": "No",
    "side": "No",
    "price": 0.43
  },
  {
    "timestamp": 1772760939,
    "market_id": "0xaad3d2e09818ea10638d08b61211e403c6a2b037da48ca2f4d33ff0645120874",
    "market_label": "Spread: Pelicans (-4.5)",
    "wallet": "0xee613b3fc183ee44f9da9c05f53e2da107e3debf",
    "size_usd": 1194.55,
    "size": 1194.55,
    "outcome": "Yes",
    "side": "Yes",
    "price": 0.55
  },
  {
    "timestamp": 1772752151,
    "market_id": "0xaad3d2e09818ea10638d08b61211e403c6a2b037da48ca2f4d33ff0645120874",
    "market_label": "Spread: Pelicans (-4.5)",
    "wallet": "0x00d5f82b59c8b8e72684bca5a3b50eee3db6ed84",
    "size_usd": 1086.0,
    "size": 1086.0,
    "outcome": "No",
    "side": "No",
    "price": 0.44
  },
  {
    "timestamp": 1772752001,
    "market_id": "0xaad3d2e09818ea10638d08b61211e403c6a2b037da48ca2f4d33ff0645120874",
    "market_label": "Spread: Pelicans (-4.5)",
    "wallet": "0x24b38390c3bba47ac7e0707d1a531c67f356a5a4",
    "size_usd": 1786.23375,
    "size": 1786.23375,
    "outcome": "Yes",
    "side": "Yes",
    "price": 0.5598371433749922
  },
  {
    "timestamp": 1772748911,
    "market_id": "0xaad3d2e09818ea10638d08b61211e403c6a2b037da48ca2f4d33ff0645120874",
    "market_label": "Spread: Pelicans (-4.5)",
    "wallet": "0x00d5f82b59c8b8e72684bca5a3b50eee3db6ed84",
    "size_usd": 1086.0,
    "size": 1086.0,
    "outcome": "Yes",
    "side": "Yes",
    "price": 0.46
  },
  {
    "timestamp": 1772744019,
    "market_id": "0xaad3d2e09818ea10638d08b61211e403c6a2b037da48ca2f4d33ff0645120874",
    "market_label": "Spread: Pelicans (-4.5)",
    "wallet": "0x78ad03d27582cd1b5255d364ff8f093b6cf745cc",
    "size_usd": 5267.0,
    "size": 5267.0,
    "outcome": "Yes",
    "side": "Yes",
    "price": 0.569014676286311
  },
  {
    "timestamp": 1772709967,
    "market_id": "0xaad3d2e09818ea10638d08b61211e403c6a2b037da48ca2f4d33ff0645120874",
    "market_label": "Spread: Pelicans (-4.5)",
    "wallet": "0x773cd6af028fa8818ccb7ff8678e6727dbefcf18",
    "size_usd": 1224.489794,
    "size": 1224.489794,
    "outcome": "Yes",
    "side": "Yes",
    "price": 0.489999999951
  },
  {
    "timestamp": 1772709871,
    "market_id": "0xaad3d2e09818ea10638d08b61211e403c6a2b037da48ca2f4d33ff0645120874",
    "market_label": "Spread: Pelicans (-4.5)",
    "wallet": "0x9cf0b5a80535cc91768214ade4117e41bbf38b2b",
    "size_usd": 4796.54,
    "size": 4796.54,
    "outcome": "Yes",
    "side": "Yes",
    "price": 0.51
  },
  {
    "timestamp": 1772709779,
    "market_id": "0xaad3d2e09818ea10638d08b61211e403c6a2b037da48ca2f4d33ff0645120874",
    "market_label": "Spread: Pelicans (-4.5)",
    "wallet": "0x9cf0b5a80535cc91768214ade4117e41bbf38b2b",
    "size_usd": 2526.34,
    "size": 2526.34,
    "outcome": "Yes",
    "side": "Yes",
    "price": 0.5
  },
  {
    "timestamp": 1772702899,
    "market_id": "0xaad3d2e09818ea10638d08b61211e403c6a2b037da48ca2f4d33ff0645120874",
    "market_label": "Spread: Pelicans (-4.5)",
    "wallet": "0xaaf6c182cd0678e2085ddc3da798743c208bd903",
    "size_usd": 1098.36,
    "size": 1098.36,
    "outcome": "Yes",
    "side": "Yes",
    "price": 0.5
  },
  {
    "timestamp": 1772702899,
    "market_id": "0xaad3d2e09818ea10638d08b61211e403c6a2b037da48ca2f4d33ff0645120874",
    "market_label": "Spread: Pelicans (-4.5)",
    "wallet": "0x888574cf39d841f364c8ad194c7addad56103ec9",
    "size_usd": 1416.0,
    "size": 1416.0,
    "outcome": "Yes",
    "side": "Yes",
    "price": 0.5
  },
  {
    "timestamp": 1772702897,
    "market_id": "0xaad3d2e09818ea10638d08b61211e403c6a2b037da48ca2f4d33ff0645120874",
    "market_label": "Spread: Pelicans (-4.5)",
    "wallet": "0x6b96b0a760d96cdf297a26465340bc9e4e5f294a",
    "size_usd": 1048.0,
    "size": 1048.0,
    "outcome": "Yes",
    "side": "Yes",
    "price": 0.5
  },
  {
    "timestamp": 1772702897,
    "market_id": "0xaad3d2e09818ea10638d08b61211e403c6a2b037da48ca2f4d33ff0645120874",
    "market_label": "Spread: Pelicans (-4.5)",
    "wallet": "0x08b913fcd8db2afcc2f8ba9a009ddaedc64f1edb",
    "size_usd": 1040.0,
    "size": 1040.0,
    "outcome": "Yes",
    "side": "Yes",
    "price": 0.5
  },
  {
    "timestamp": 1772702897,
    "market_id": "0xaad3d2e09818ea10638d08b61211e403c6a2b037da48ca2f4d33ff0645120874",
    "market_label": "Spread: Pelicans (-4.5)",
    "wallet": "0x9a51a855afaca66e3c931e3e1653c30661c7e358",
    "size_usd": 1052.0,
    "size": 1052.0,
    "outcome": "Yes",
    "side": "Yes",
    "price": 0.5
  },
  {
    "timestamp": 1772702897,
    "market_id": "0xaad3d2e09818ea10638d08b61211e403c6a2b037da48ca2f4d33ff0645120874",
    "market_label": "Spread: Pelicans (-4.5)",
    "wallet": "0x19c743c7aef587aab70ff46aadda8ea1f41c2d87",
    "size_usd": 1080.0,
    "size": 1080.0,
    "outcome": "Yes",
    "side": "Yes",
    "price": 0.5
  },
  {
    "timestamp": 1772701047,
    "market_id": "0xaad3d2e09818ea10638d08b61211e403c6a2b037da48ca2f4d33ff0645120874",
    "market_label": "Spread: Pelicans (-4.5)",
    "wallet": "0xe37f562d820f10bb7ea0da3ce6e5d31746bb6dc8",
    "size_usd": 1088.0,
    "size": 1088.0,
    "outcome": "Yes",
    "side": "Yes",
    "price": 0.5
  },
  {
    "timestamp": 1772701047,
    "market_id": "0xaad3d2e09818ea10638d08b61211e403c6a2b037da48ca2f4d33ff0645120874",
    "market_label": "Spread: Pelicans (-4.5)",
    "wallet": "0xfd46ecced0840c2903df15b678f02d1ba2f101a6",
    "size_usd": 1300.0,
    "size": 1300.0,
    "outcome": "Yes",
    "side": "Yes",
    "price": 0.5
  },
  {
    "timestamp": 1772701045,
    "market_id": "0xaad3d2e09818ea10638d08b61211e403c6a2b037da48ca2f4d33ff0645120874",
    "market_label": "Spread: Pelicans (-4.5)",
    "wallet": "0x41bd9c90dafd7d2dc58e77af39843657c6263d7a",
    "size_usd": 1048.0,
    "size": 1048.0,
    "outcome": "Yes",
    "side": "Yes",
    "price": 0.5
  },
  {
    "timestamp": 1772701045,
    "market_id": "0xaad3d2e09818ea10638d08b61211e403c6a2b037da48ca2f4d33ff0645120874",
    "market_label": "Spread: Pelicans (-4.5)",
    "wallet": "0x83589038b4ebbd022529a40468e891ffb9d19bf9",
    "size_usd": 1204.0,
    "size": 1204.0,
    "outcome": "Yes",
    "side": "Yes",
    "price": 0.5
  },
  {
    "timestamp": 1772777049,
    "market_id": "0x8d30cc5f9f49a0126f31043b00fb087f1b71cbd09cc0a73c1c5a02c129b0528f",
    "market_label": "Knicks vs. Nuggets",
    "wallet": "0x99e079510ac59429c1317848ee68d42420395052",
    "size_usd": 1665.07,
    "size": 1665.07,
    "outcome": "Nuggets",
    "side": "Nuggets",
    "price": 0.48
  },
  {
    "timestamp": 1772776977,
    "market_id": "0x8d30cc5f9f49a0126f31043b00fb087f1b71cbd09cc0a73c1c5a02c129b0528f",
    "market_label": "Knicks vs. Nuggets",
    "wallet": "0x112c0a80f4b234c1752189c7fd5bb142d8d4dbdf",
    "size_usd": 1925.0,
    "size": 1925.0,
    "outcome": "Nuggets",
    "side": "Nuggets",
    "price": 0.48
  },
  {
    "timestamp": 1772741675,
    "market_id": "0x8a1b1234126ead9d4a1ac3f8e776c4f11103492fbde6ed962dcf93b9290a4661",
    "market_label": "Will Kawhi Leonard win the 2025\u20132026 NBA MVP?",
    "wallet": "0xd70a48e986ddad3023f2c279de4ca971d1b9baf2",
    "size_usd": 19165.62,
    "size": 19165.62,
    "outcome": "Yes",
    "side": "Yes",
    "price": 0.001
  },
  {
    "timestamp": 1772741353,
    "market_id": "0x8a1b1234126ead9d4a1ac3f8e776c4f11103492fbde6ed962dcf93b9290a4661",
    "market_label": "Will Kawhi Leonard win the 2025\u20132026 NBA MVP?",
    "wallet": "0x3c07751b87b6291eabba74b689c09de6fb43dc98",
    "size_usd": 4442.38,
    "size": 4442.38,
    "outcome": "No",
    "side": "No",
    "price": 0.001
  },
  {
    "timestamp": 1772737681,
    "market_id": "0x8a1b1234126ead9d4a1ac3f8e776c4f11103492fbde6ed962dcf93b9290a4661",
    "market_label": "Will Kawhi Leonard win the 2025\u20132026 NBA MVP?",
    "wallet": "0xa3ad70cf48a2f2b44163e798223c01a2c2536866",
    "size_usd": 1052.0,
    "size": 1052.0,
    "outcome": "Yes",
    "side": "Yes",
    "price": 0.999
  },
  {
    "timestamp": 1772737301,
    "market_id": "0x8a1b1234126ead9d4a1ac3f8e776c4f11103492fbde6ed962dcf93b9290a4661",
    "market_label": "Will Kawhi Leonard win the 2025\u20132026 NBA MVP?",
    "wallet": "0xa3ad70cf48a2f2b44163e798223c01a2c2536866",
    "size_usd": 1052.0,
    "size": 1052.0,
    "outcome": "Yes",
    "side": "Yes",
    "price": 0.999
  },
  {
    "timestamp": 1772736839,
    "market_id": "0x8a1b1234126ead9d4a1ac3f8e776c4f11103492fbde6ed962dcf93b9290a4661",
    "market_label": "Will Kawhi Leonard win the 2025\u20132026 NBA MVP?",
    "wallet": "0xa3ad70cf48a2f2b44163e798223c01a2c2536866",
    "size_usd": 1052.0,
    "size": 1052.0,
    "outcome": "Yes",
    "side": "Yes",
    "price": 0.999
  },
  {
    "timestamp": 1772730783,
    "market_id": "0x8a1b1234126ead9d4a1ac3f8e776c4f11103492fbde6ed962dcf93b9290a4661",
    "market_label": "Will Kawhi Leonard win the 2025\u20132026 NBA MVP?",
    "wallet": "0x30cecdf29f069563ea21b8ae94492e41e53a6b2b",
    "size_usd": 1093.89,
    "size": 1093.89,
    "outcome": "No",
    "side": "No",
    "price": 0.001
  },
  {
    "timestamp": 1772617721,
    "market_id": "0x8a1b1234126ead9d4a1ac3f8e776c4f11103492fbde6ed962dcf93b9290a4661",
    "market_label": "Will Kawhi Leonard win the 2025\u20132026 NBA MVP?",
    "wallet": "0x3c07751b87b6291eabba74b689c09de6fb43dc98",
    "size_usd": 23290.0,
    "size": 23290.0,
    "outcome": "Yes",
    "side": "Yes",
    "price": 0.001
  },
  {
    "timestamp": 1772542511,
    "market_id": "0x8a1b1234126ead9d4a1ac3f8e776c4f11103492fbde6ed962dcf93b9290a4661",
    "market_label": "Will Kawhi Leonard win the 2025\u20132026 NBA MVP?",
    "wallet": "0x66850ae638f7f70d11e136225f45145cfdb75ef6",
    "size_usd": 22680.0,
    "size": 22680.0,
    "outcome": "Yes",
    "side": "Yes",
    "price": 0.001
  },
  {
    "timestamp": 1772442027,
    "market_id": "0x8a1b1234126ead9d4a1ac3f8e776c4f11103492fbde6ed962dcf93b9290a4661",
    "market_label": "Will Kawhi Leonard win the 2025\u20132026 NBA MVP?",
    "wallet": "0xda34f5669586a882916997daa74f12ae7a1291da",
    "size_usd": 1586.82,
    "size": 1586.82,
    "outcome": "Yes",
    "side": "Yes",
    "price": 0.001
  },
  {
    "timestamp": 1772355029,
    "market_id": "0x8a1b1234126ead9d4a1ac3f8e776c4f11103492fbde6ed962dcf93b9290a4661",
    "market_label": "Will Kawhi Leonard win the 2025\u20132026 NBA MVP?",
    "wallet": "0x07fe0b6af3fefdba5f3de0aad59e35e5955a4dc3",
    "size_usd": 1000.0,
    "size": 1000.0,
    "outcome": "Yes",
    "side": "Yes",
    "price": 0.001
  },
  {
    "timestamp": 1772292319,
    "market_id": "0x8a1b1234126ead9d4a1ac3f8e776c4f11103492fbde6ed962dcf93b9290a4661",
    "market_label": "Will Kawhi Leonard win the 2025\u20132026 NBA MVP?",
    "wallet": "0x2ee386e8f11b191c1d1a07dfed7bcbb41fd5317b",
    "size_usd": 22150.0,
    "size": 22150.0,
    "outcome": "Yes",
    "side": "Yes",
    "price": 0.001
  },
  {
    "timestamp": 1772285279,
    "market_id": "0x8a1b1234126ead9d4a1ac3f8e776c4f11103492fbde6ed962dcf93b9290a4661",
    "market_label": "Will Kawhi Leonard win the 2025\u20132026 NBA MVP?",
    "wallet": "0x719124bf26efbb0e60d4c96a6eff44a0db669a72",
    "size_usd": 22150.0,
    "size": 22150.0,
    "outcome": "Yes",
    "side": "Yes",
    "price": 0.001
  },
  {
    "timestamp": 1772272535,
    "market_id": "0x8a1b1234126ead9d4a1ac3f8e776c4f11103492fbde6ed962dcf93b9290a4661",
    "market_label": "Will Kawhi Leonard win the 2025\u20132026 NBA MVP?",
    "wallet": "0xc3891e529db4708e0d6326b0f9d2ac091bc1295a",
    "size_usd": 22120.0,
    "size": 22120.0,
    "outcome": "Yes",
    "side": "Yes",
    "price": 0.001
  },
  {
    "timestamp": 1772227279,
    "market_id": "0x8a1b1234126ead9d4a1ac3f8e776c4f11103492fbde6ed962dcf93b9290a4661",
    "market_label": "Will Kawhi Leonard win the 2025\u20132026 NBA MVP?",
    "wallet": "0x56dc09b838599f6cf2a8bd1ec09269cd854f10f1",
    "size_usd": 21809.33,
    "size": 21809.33,
    "outcome": "Yes",
    "side": "Yes",
    "price": 0.001
  },
  {
    "timestamp": 1772224887,
    "market_id": "0x8a1b1234126ead9d4a1ac3f8e776c4f11103492fbde6ed962dcf93b9290a4661",
    "market_label": "Will Kawhi Leonard win the 2025\u20132026 NBA MVP?",
    "wallet": "0xf050d861dde457d8dd22b2b9d59c4b15f5c1b0b7",
    "size_usd": 21760.0,
    "size": 21760.0,
    "outcome": "Yes",
    "side": "Yes",
    "price": 0.001
  },
  {
    "timestamp": 1772213541,
    "market_id": "0x8a1b1234126ead9d4a1ac3f8e776c4f11103492fbde6ed962dcf93b9290a4661",
    "market_label": "Will Kawhi Leonard win the 2025\u20132026 NBA MVP?",
    "wallet": "0xfc63b1725dbf2250a426f393de5bc7be39af561a",
    "size_usd": 21496.17,
    "size": 21496.17,
    "outcome": "Yes",
    "side": "Yes",
    "price": 0.001
  },
  {
    "timestamp": 1772211143,
    "market_id": "0x8a1b1234126ead9d4a1ac3f8e776c4f11103492fbde6ed962dcf93b9290a4661",
    "market_label": "Will Kawhi Leonard win the 2025\u20132026 NBA MVP?",
    "wallet": "0x771baf92a5fc5123e6e83ea313de652ebdc3b76e",
    "size_usd": 21412.6,
    "size": 21412.6,
    "outcome": "Yes",
    "side": "Yes",
    "price": 0.001
  },
  {
    "timestamp": 1772206101,
    "market_id": "0x8a1b1234126ead9d4a1ac3f8e776c4f11103492fbde6ed962dcf93b9290a4661",
    "market_label": "Will Kawhi Leonard win the 2025\u20132026 NBA MVP?",
    "wallet": "0x65d22860d1a3cddf5d456ef8f0d58b99f631ac25",
    "size_usd": 1000.0,
    "size": 1000.0,
    "outcome": "Yes",
    "side": "Yes",
    "price": 0.001
  },
  {
    "timestamp": 1772165574,
    "market_id": "0x8a1b1234126ead9d4a1ac3f8e776c4f11103492fbde6ed962dcf93b9290a4661",
    "market_label": "Will Kawhi Leonard win the 2025\u20132026 NBA MVP?",
    "wallet": "0x16ce1f954bfae560af862712fad9dd261f4ceba1",
    "size_usd": 22099.45,
    "size": 22099.45,
    "outcome": "Yes",
    "side": "Yes",
    "price": 0.001
  },
  {
    "timestamp": 1772157666,
    "market_id": "0x8a1b1234126ead9d4a1ac3f8e776c4f11103492fbde6ed962dcf93b9290a4661",
    "market_label": "Will Kawhi Leonard win the 2025\u20132026 NBA MVP?",
    "wallet": "0x8478ac8221ed52a57008bec5aed94b0f45ee4355",
    "size_usd": 1000.0,
    "size": 1000.0,
    "outcome": "Yes",
    "side": "Yes",
    "price": 0.001
  },
  {
    "timestamp": 1772153722,
    "market_id": "0x8a1b1234126ead9d4a1ac3f8e776c4f11103492fbde6ed962dcf93b9290a4661",
    "market_label": "Will Kawhi Leonard win the 2025\u20132026 NBA MVP?",
    "wallet": "0xefa58a1fa13da29e3e266c3b4edcd4edb181b417",
    "size_usd": 5170.0,
    "size": 5170.0,
    "outcome": "No",
    "side": "No",
    "price": 0.001
  },
  {
    "timestamp": 1772126612,
    "market_id": "0x8a1b1234126ead9d4a1ac3f8e776c4f11103492fbde6ed962dcf93b9290a4661",
    "market_label": "Will Kawhi Leonard win the 2025\u20132026 NBA MVP?",
    "wallet": "0x84daae67b14a494feb6438a333384c8f60d884f6",
    "size_usd": 3000.0,
    "size": 3000.0,
    "outcome": "No",
    "side": "No",
    "price": 0.001
  },
  {
    "timestamp": 1772099252,
    "market_id": "0x8a1b1234126ead9d4a1ac3f8e776c4f11103492fbde6ed962dcf93b9290a4661",
    "market_label": "Will Kawhi Leonard win the 2025\u20132026 NBA MVP?",
    "wallet": "0x3724e0ab1b3d0c93fef03f7bac2378fda18d82b8",
    "size_usd": 1200.0,
    "size": 1200.0,
    "outcome": "No",
    "side": "No",
    "price": 0.998
  },
  {
    "timestamp": 1772098834,
    "market_id": "0x8a1b1234126ead9d4a1ac3f8e776c4f11103492fbde6ed962dcf93b9290a4661",
    "market_label": "Will Kawhi Leonard win the 2025\u20132026 NBA MVP?",
    "wallet": "0x3724e0ab1b3d0c93fef03f7bac2378fda18d82b8",
    "size_usd": 1200.0,
    "size": 1200.0,
    "outcome": "Yes",
    "side": "Yes",
    "price": 0.999
  },
  {
    "timestamp": 1771775764,
    "market_id": "0x8a1b1234126ead9d4a1ac3f8e776c4f11103492fbde6ed962dcf93b9290a4661",
    "market_label": "Will Kawhi Leonard win the 2025\u20132026 NBA MVP?",
    "wallet": "0x59b6131b33fbff4b07b4f675a44db150bd02fb20",
    "size_usd": 1000.0,
    "size": 1000.0,
    "outcome": "No",
    "side": "No",
    "price": 0.001
  },
  {
    "timestamp": 1772132116,
    "market_id": "0xf6c209478dba7328010fd22c910695079006adc89e719a0277d803cb2833f313",
    "market_label": "Spread: Paris Saint-Germain FC (-1.5)",
    "wallet": "0xbe1d3ee78b559297f3a0e96eebcac56b595c3c69",
    "size_usd": 1000.0,
    "size": 1000.0,
    "outcome": "Yes",
    "side": "Yes",
    "price": 0.52
  },
  {
    "timestamp": 1772776171,
    "market_id": "0xe617f48f745d14c2b49d470059c8c66cb38038a4ce7624983ef2a14ea8032fa3",
    "market_label": "Spread: Nuggets (-4.5)",
    "wallet": "0xd30654948c0b9b76cee3d78697cf47d00f90ac40",
    "size_usd": 2393.04,
    "size": 2393.04,
    "outcome": "No",
    "side": "No",
    "price": 0.999
  },
  {
    "timestamp": 1772775473,
    "market_id": "0xe617f48f745d14c2b49d470059c8c66cb38038a4ce7624983ef2a14ea8032fa3",
    "market_label": "Spread: Nuggets (-4.5)",
    "wallet": "0x605dfaddf8cc2ae7097661edb4da36bdd6eecec3",
    "size_usd": 1041.66,
    "size": 1041.66,
    "outcome": "No",
    "side": "No",
    "price": 0.999
  },
  {
    "timestamp": 1772774879,
    "market_id": "0xe617f48f745d14c2b49d470059c8c66cb38038a4ce7624983ef2a14ea8032fa3",
    "market_label": "Spread: Nuggets (-4.5)",
    "wallet": "0xb3cfe7615d64db8dfa743a1b1a2b976911460ebd",
    "size_usd": 1713.59,
    "size": 1713.59,
    "outcome": "Yes",
    "side": "Yes",
    "price": 0.45
  },
  {
    "timestamp": 1772774613,
    "market_id": "0xe617f48f745d14c2b49d470059c8c66cb38038a4ce7624983ef2a14ea8032fa3",
    "market_label": "Spread: Nuggets (-4.5)",
    "wallet": "0x033f0346c007323030eb420305ffede19a95618e",
    "size_usd": 17513.72,
    "size": 17513.72,
    "outcome": "Yes",
    "side": "Yes",
    "price": 0.54
  },
  {
    "timestamp": 1772773953,
    "market_id": "0xe617f48f745d14c2b49d470059c8c66cb38038a4ce7624983ef2a14ea8032fa3",
    "market_label": "Spread: Nuggets (-4.5)",
    "wallet": "0x32ed517a571c01b6e9adecf61ba81ca48ff2f960",
    "size_usd": 1851.85,
    "size": 1851.85,
    "outcome": "Yes",
    "side": "Yes",
    "price": 0.54
  },
  {
    "timestamp": 1772773933,
    "market_id": "0xe617f48f745d14c2b49d470059c8c66cb38038a4ce7624983ef2a14ea8032fa3",
    "market_label": "Spread: Nuggets (-4.5)",
    "wallet": "0x32ed517a571c01b6e9adecf61ba81ca48ff2f960",
    "size_usd": 1785.71,
    "size": 1785.71,
    "outcome": "Yes",
    "side": "Yes",
    "price": 0.54
  },
  {
    "timestamp": 1772766913,
    "market_id": "0xe617f48f745d14c2b49d470059c8c66cb38038a4ce7624983ef2a14ea8032fa3",
    "market_label": "Spread: Nuggets (-4.5)",
    "wallet": "0x204f72f35326db932158cba6adff0b9a1da95e14",
    "size_usd": 1000.0,
    "size": 1000.0,
    "outcome": "Yes",
    "side": "Yes",
    "price": 0.5
  },
  {
    "timestamp": 1772766057,
    "market_id": "0xe617f48f745d14c2b49d470059c8c66cb38038a4ce7624983ef2a14ea8032fa3",
    "market_label": "Spread: Nuggets (-4.5)",
    "wallet": "0xc6b6ffce6c52b6fdf4bad57de303939f19ab13ac",
    "size_usd": 96336.56,
    "size": 96336.56,
    "outcome": "Yes",
    "side": "Yes",
    "price": 0.54
  },
  {
    "timestamp": 1772765859,
    "market_id": "0xe617f48f745d14c2b49d470059c8c66cb38038a4ce7624983ef2a14ea8032fa3",
    "market_label": "Spread: Nuggets (-4.5)",
    "wallet": "0x1d5c087a82ba920af944000c0b6751c949f94f26",
    "size_usd": 4629.629628,
    "size": 4629.629628,
    "outcome": "Yes",
    "side": "Yes",
    "price": 0.53999999997408
  },
  {
    "timestamp": 1772765551,
    "market_id": "0xe617f48f745d14c2b49d470059c8c66cb38038a4ce7624983ef2a14ea8032fa3",
    "market_label": "Spread: Nuggets (-4.5)",
    "wallet": "0x3d2b278949fc4db1104ac4f3159723593aa797fd",
    "size_usd": 2100.0,
    "size": 2100.0,
    "outcome": "Yes",
    "side": "Yes",
    "price": 0.48
  },
  {
    "timestamp": 1772765537,
    "market_id": "0xe617f48f745d14c2b49d470059c8c66cb38038a4ce7624983ef2a14ea8032fa3",
    "market_label": "Spread: Nuggets (-4.5)",
    "wallet": "0xc6b6ffce6c52b6fdf4bad57de303939f19ab13ac",
    "size_usd": 5959.45,
    "size": 5959.45,
    "outcome": "Yes",
    "side": "Yes",
    "price": 0.53
  },
  {
    "timestamp": 1772765501,
    "market_id": "0xe617f48f745d14c2b49d470059c8c66cb38038a4ce7624983ef2a14ea8032fa3",
    "market_label": "Spread: Nuggets (-4.5)",
    "wallet": "0x31b009860d843eba7378475cf749ea5269178c4c",
    "size_usd": 1000.0,
    "size": 1000.0,
    "outcome": "Yes",
    "side": "Yes",
    "price": 0.53
  },
  {
    "timestamp": 1772765471,
    "market_id": "0xe617f48f745d14c2b49d470059c8c66cb38038a4ce7624983ef2a14ea8032fa3",
    "market_label": "Spread: Nuggets (-4.5)",
    "wallet": "0x53515c8447275edfac486e6d70a6e3bf49c19b3c",
    "size_usd": 2865.0,
    "size": 2865.0,
    "outcome": "Yes",
    "side": "Yes",
    "price": 0.47
  },
  {
    "timestamp": 1772765471,
    "market_id": "0xe617f48f745d14c2b49d470059c8c66cb38038a4ce7624983ef2a14ea8032fa3",
    "market_label": "Spread: Nuggets (-4.5)",
    "wallet": "0xc97485a44146b5db0b8b121358f57cf297cdb33b",
    "size_usd": 3625.67,
    "size": 3625.67,
    "outcome": "Yes",
    "side": "Yes",
    "price": 0.47
  },
  {
    "timestamp": 1772765307,
    "market_id": "0xe617f48f745d14c2b49d470059c8c66cb38038a4ce7624983ef2a14ea8032fa3",
    "market_label": "Spread: Nuggets (-4.5)",
    "wallet": "0xc97485a44146b5db0b8b121358f57cf297cdb33b",
    "size_usd": 3791.872339,
    "size": 3791.872339,
    "outcome": "Yes",
    "side": "Yes",
    "price": 0.46999999991297176
  },
  {
    "timestamp": 1772765295,
    "market_id": "0xe617f48f745d14c2b49d470059c8c66cb38038a4ce7624983ef2a14ea8032fa3",
    "market_label": "Spread: Nuggets (-4.5)",
    "wallet": "0x412fe1a101554f0b382181c3af932e4b2d8030fa",
    "size_usd": 2162.0,
    "size": 2162.0,
    "outcome": "Yes",
    "side": "Yes",
    "price": 0.47
  },
  {
    "timestamp": 1772765171,
    "market_id": "0xe617f48f745d14c2b49d470059c8c66cb38038a4ce7624983ef2a14ea8032fa3",
    "market_label": "Spread: Nuggets (-4.5)",
    "wallet": "0x8a6c6811e8937f9e8afc1b9249fa540262c30b3f",
    "size_usd": 46061.544362,
    "size": 46061.544362,
    "outcome": "Yes",
    "side": "Yes",
    "price": 0.5427521014606835
  },
  {
    "timestamp": 1772765171,
    "market_id": "0xe617f48f745d14c2b49d470059c8c66cb38038a4ce7624983ef2a14ea8032fa3",
    "market_label": "Spread: Nuggets (-4.5)",
    "wallet": "0xee613b3fc183ee44f9da9c05f53e2da107e3debf",
    "size_usd": 1075.87,
    "size": 1075.87,
    "outcome": "Yes",
    "side": "Yes",
    "price": 0.54
  },
  {
    "timestamp": 1772765143,
    "market_id": "0xe617f48f745d14c2b49d470059c8c66cb38038a4ce7624983ef2a14ea8032fa3",
    "market_label": "Spread: Nuggets (-4.5)",
    "wallet": "0x598b1d82e16e03d0455c71ed435784884119f296",
    "size_usd": 1500.0,
    "size": 1500.0,
    "outcome": "Yes",
    "side": "Yes",
    "price": 0.54
  },
  {
    "timestamp": 1772764447,
    "market_id": "0xe617f48f745d14c2b49d470059c8c66cb38038a4ce7624983ef2a14ea8032fa3",
    "market_label": "Spread: Nuggets (-4.5)",
    "wallet": "0xd106952ebf30a3125affd8a23b6c1f30c35fc79c",
    "size_usd": 1588.97,
    "size": 1588.97,
    "outcome": "Yes",
    "side": "Yes",
    "price": 0.48
  },
  {
    "timestamp": 1772764365,
    "market_id": "0xe617f48f745d14c2b49d470059c8c66cb38038a4ce7624983ef2a14ea8032fa3",
    "market_label": "Spread: Nuggets (-4.5)",
    "wallet": "0x1117eade222413335b7ec959e5b48c1d3dbc3532",
    "size_usd": 67518.88,
    "size": 67518.88,
    "outcome": "Yes",
    "side": "Yes",
    "price": 0.52
  },
  {
    "timestamp": 1772764159,
    "market_id": "0xe617f48f745d14c2b49d470059c8c66cb38038a4ce7624983ef2a14ea8032fa3",
    "market_label": "Spread: Nuggets (-4.5)",
    "wallet": "0xc660ae71765d0d9eaf5fa8328c1c959841d2bd28",
    "size_usd": 40800.0,
    "size": 40800.0,
    "outcome": "Yes",
    "side": "Yes",
    "price": 0.49
  },
  {
    "timestamp": 1772764151,
    "market_id": "0xe617f48f745d14c2b49d470059c8c66cb38038a4ce7624983ef2a14ea8032fa3",
    "market_label": "Spread: Nuggets (-4.5)",
    "wallet": "0x69e7ad68b5f11e97927e4bd938baf7dfb60bd3b0",
    "size_usd": 1500.0,
    "size": 1500.0,
    "outcome": "Yes",
    "side": "Yes",
    "price": 0.52
  },
  {
    "timestamp": 1772764015,
    "market_id": "0xe617f48f745d14c2b49d470059c8c66cb38038a4ce7624983ef2a14ea8032fa3",
    "market_label": "Spread: Nuggets (-4.5)",
    "wallet": "0xd6ce651998b7a30ff3384e5a01feab8a2da00772",
    "size_usd": 2000.0,
    "size": 2000.0,
    "outcome": "Yes",
    "side": "Yes",
    "price": 0.52
  },
  {
    "timestamp": 1772763921,
    "market_id": "0xe617f48f745d14c2b49d470059c8c66cb38038a4ce7624983ef2a14ea8032fa3",
    "market_label": "Spread: Nuggets (-4.5)",
    "wallet": "0xd6ce651998b7a30ff3384e5a01feab8a2da00772",
    "size_usd": 2000.0,
    "size": 2000.0,
    "outcome": "Yes",
    "side": "Yes",
    "price": 0.52
  },
  {
    "timestamp": 1772763819,
    "market_id": "0xe617f48f745d14c2b49d470059c8c66cb38038a4ce7624983ef2a14ea8032fa3",
    "market_label": "Spread: Nuggets (-4.5)",
    "wallet": "0xd6ce651998b7a30ff3384e5a01feab8a2da00772",
    "size_usd": 2000.0,
    "size": 2000.0,
    "outcome": "Yes",
    "side": "Yes",
    "price": 0.52
  },
  {
    "timestamp": 1772763345,
    "market_id": "0xe617f48f745d14c2b49d470059c8c66cb38038a4ce7624983ef2a14ea8032fa3",
    "market_label": "Spread: Nuggets (-4.5)",
    "wallet": "0x67d6436f723aa00270bd2fc112e7fb3b4408b04b",
    "size_usd": 4230.769229,
    "size": 4230.769229,
    "outcome": "Yes",
    "side": "Yes",
    "price": 0.5199999999810909
  },
  {
    "timestamp": 1772763215,
    "market_id": "0xe617f48f745d14c2b49d470059c8c66cb38038a4ce7624983ef2a14ea8032fa3",
    "market_label": "Spread: Nuggets (-4.5)",
    "wallet": "0x8de52590ce495b1184213a0f67a35a83e622e8bb",
    "size_usd": 1020.0,
    "size": 1020.0,
    "outcome": "Yes",
    "side": "Yes",
    "price": 0.49
  },
  {
    "timestamp": 1772762817,
    "market_id": "0xe617f48f745d14c2b49d470059c8c66cb38038a4ce7624983ef2a14ea8032fa3",
    "market_label": "Spread: Nuggets (-4.5)",
    "wallet": "0x1748e40b21d01df921e6bbc51f3d1ea7de2ea816",
    "size_usd": 2755.102039,
    "size": 2755.102039,
    "outcome": "Yes",
    "side": "Yes",
    "price": 0.4899999999600741
  },
  {
    "timestamp": 1772762711,
    "market_id": "0xe617f48f745d14c2b49d470059c8c66cb38038a4ce7624983ef2a14ea8032fa3",
    "market_label": "Spread: Nuggets (-4.5)",
    "wallet": "0x57b144a10d9e14945e812cedae176534455d4b99",
    "size_usd": 2040.82,
    "size": 2040.82,
    "outcome": "Yes",
    "side": "Yes",
    "price": 0.49
  },
  {
    "timestamp": 1772762265,
    "market_id": "0xe617f48f745d14c2b49d470059c8c66cb38038a4ce7624983ef2a14ea8032fa3",
    "market_label": "Spread: Nuggets (-4.5)",
    "wallet": "0x19d8b01c0e003f2199b1eb200146784fa5ec1691",
    "size_usd": 2000.0,
    "size": 2000.0,
    "outcome": "Yes",
    "side": "Yes",
    "price": 0.49
  },
  {
    "timestamp": 1772762185,
    "market_id": "0xe617f48f745d14c2b49d470059c8c66cb38038a4ce7624983ef2a14ea8032fa3",
    "market_label": "Spread: Nuggets (-4.5)",
    "wallet": "0x1e294b009d97e9cb5f63586c7cb2e0f426fe9e66",
    "size_usd": 13887.94,
    "size": 13887.94,
    "outcome": "Yes",
    "side": "Yes",
    "price": 0.49
  },
  {
    "timestamp": 1772761367,
    "market_id": "0xe617f48f745d14c2b49d470059c8c66cb38038a4ce7624983ef2a14ea8032fa3",
    "market_label": "Spread: Nuggets (-4.5)",
    "wallet": "0xd106952ebf30a3125affd8a23b6c1f30c35fc79c",
    "size_usd": 1005.91,
    "size": 1005.91,
    "outcome": "Yes",
    "side": "Yes",
    "price": 0.49
  },
  {
    "timestamp": 1772761343,
    "market_id": "0xe617f48f745d14c2b49d470059c8c66cb38038a4ce7624983ef2a14ea8032fa3",
    "market_label": "Spread: Nuggets (-4.5)",
    "wallet": "0x6d3c5bd13984b2de47c3a88ddc455309aab3d294",
    "size_usd": 1116.5,
    "size": 1116.5,
    "outcome": "No",
    "side": "No",
    "price": 0.51
  },
  {
    "timestamp": 1772761077,
    "market_id": "0xe617f48f745d14c2b49d470059c8c66cb38038a4ce7624983ef2a14ea8032fa3",
    "market_label": "Spread: Nuggets (-4.5)",
    "wallet": "0x7760fe4dcb17c09161adb2eb8d29f39e382e21f0",
    "size_usd": 2000.0,
    "size": 2000.0,
    "outcome": "Yes",
    "side": "Yes",
    "price": 0.52
  },
  {
    "timestamp": 1772760727,
    "market_id": "0xe617f48f745d14c2b49d470059c8c66cb38038a4ce7624983ef2a14ea8032fa3",
    "market_label": "Spread: Nuggets (-4.5)",
    "wallet": "0xd106952ebf30a3125affd8a23b6c1f30c35fc79c",
    "size_usd": 2143.94,
    "size": 2143.94,
    "outcome": "Yes",
    "side": "Yes",
    "price": 0.52
  },
  {
    "timestamp": 1772760145,
    "market_id": "0xe617f48f745d14c2b49d470059c8c66cb38038a4ce7624983ef2a14ea8032fa3",
    "market_label": "Spread: Nuggets (-4.5)",
    "wallet": "0x1455445e9a775cfa3fe9fc4b02bb4d2f682ae5cd",
    "size_usd": 1662.0,
    "size": 1662.0,
    "outcome": "Yes",
    "side": "Yes",
    "price": 0.51
  },
  {
    "timestamp": 1772760039,
    "market_id": "0xe617f48f745d14c2b49d470059c8c66cb38038a4ce7624983ef2a14ea8032fa3",
    "market_label": "Spread: Nuggets (-4.5)",
    "wallet": "0xee613b3fc183ee44f9da9c05f53e2da107e3debf",
    "size_usd": 5307.84,
    "size": 5307.84,
    "outcome": "Yes",
    "side": "Yes",
    "price": 0.51
  },
  {
    "timestamp": 1772760037,
    "market_id": "0xe617f48f745d14c2b49d470059c8c66cb38038a4ce7624983ef2a14ea8032fa3",
    "market_label": "Spread: Nuggets (-4.5)",
    "wallet": "0xee613b3fc183ee44f9da9c05f53e2da107e3debf",
    "size_usd": 3713.73,
    "size": 3713.73,
    "outcome": "Yes",
    "side": "Yes",
    "price": 0.51
  },
  {
    "timestamp": 1772758939,
    "market_id": "0xe617f48f745d14c2b49d470059c8c66cb38038a4ce7624983ef2a14ea8032fa3",
    "market_label": "Spread: Nuggets (-4.5)",
    "wallet": "0x1117eade222413335b7ec959e5b48c1d3dbc3532",
    "size_usd": 1490.91,
    "size": 1490.91,
    "outcome": "Yes",
    "side": "Yes",
    "price": 0.49
  },
  {
    "timestamp": 1772758657,
    "market_id": "0xe617f48f745d14c2b49d470059c8c66cb38038a4ce7624983ef2a14ea8032fa3",
    "market_label": "Spread: Nuggets (-4.5)",
    "wallet": "0xc660ae71765d0d9eaf5fa8328c1c959841d2bd28",
    "size_usd": 21809.85,
    "size": 21809.85,
    "outcome": "Yes",
    "side": "Yes",
    "price": 0.49
  },
  {
    "timestamp": 1772758599,
    "market_id": "0xe617f48f745d14c2b49d470059c8c66cb38038a4ce7624983ef2a14ea8032fa3",
    "market_label": "Spread: Nuggets (-4.5)",
    "wallet": "0xb8cb99744a121190b46d6a6f39bfcf52b6928f46",
    "size_usd": 2000.0,
    "size": 2000.0,
    "outcome": "Yes",
    "side": "Yes",
    "price": 0.52
  },
  {
    "timestamp": 1772758021,
    "market_id": "0xe617f48f745d14c2b49d470059c8c66cb38038a4ce7624983ef2a14ea8032fa3",
    "market_label": "Spread: Nuggets (-4.5)",
    "wallet": "0xe5505cbfe4f2ca196543d89a210279990e3d2c8b",
    "size_usd": 1271.42857,
    "size": 1271.42857,
    "outcome": "Yes",
    "side": "Yes",
    "price": 0.48999999976404496
  },
  {
    "timestamp": 1772757653,
    "market_id": "0xe617f48f745d14c2b49d470059c8c66cb38038a4ce7624983ef2a14ea8032fa3",
    "market_label": "Spread: Nuggets (-4.5)",
    "wallet": "0x44403a7dd0944ac93123b68a1b639949d11ef8fd",
    "size_usd": 4200.0,
    "size": 4200.0,
    "outcome": "Yes",
    "side": "Yes",
    "price": 0.49
  },
  {
    "timestamp": 1772756775,
    "market_id": "0xe617f48f745d14c2b49d470059c8c66cb38038a4ce7624983ef2a14ea8032fa3",
    "market_label": "Spread: Nuggets (-4.5)",
    "wallet": "0x328086eb18a588f98906a5b90beaf82c43ddea74",
    "size_usd": 4807.692306,
    "size": 4807.692306,
    "outcome": "Yes",
    "side": "Yes",
    "price": 0.51999999997504
  },
  {
    "timestamp": 1772756437,
    "market_id": "0xe617f48f745d14c2b49d470059c8c66cb38038a4ce7624983ef2a14ea8032fa3",
    "market_label": "Spread: Nuggets (-4.5)",
    "wallet": "0x69fff158976be2e76ef531c8814202df789f0d1d",
    "size_usd": 1600.0,
    "size": 1600.0,
    "outcome": "Yes",
    "side": "Yes",
    "price": 0.52
  },
  {
    "timestamp": 1772755985,
    "market_id": "0xe617f48f745d14c2b49d470059c8c66cb38038a4ce7624983ef2a14ea8032fa3",
    "market_label": "Spread: Nuggets (-4.5)",
    "wallet": "0xc94a2031b8b4cc4cf77eac0fd0e0b982b7b29401",
    "size_usd": 11237.42857,
    "size": 11237.42857,
    "outcome": "Yes",
    "side": "Yes",
    "price": 0.4899999999733035
  },
  {
    "timestamp": 1772755917,
    "market_id": "0xe617f48f745d14c2b49d470059c8c66cb38038a4ce7624983ef2a14ea8032fa3",
    "market_label": "Spread: Nuggets (-4.5)",
    "wallet": "0xc94a2031b8b4cc4cf77eac0fd0e0b982b7b29401",
    "size_usd": 8989.795917,
    "size": 8989.795917,
    "outcome": "Yes",
    "side": "Yes",
    "price": 0.4899999999632917
  },
  {
    "timestamp": 1772755831,
    "market_id": "0xe617f48f745d14c2b49d470059c8c66cb38038a4ce7624983ef2a14ea8032fa3",
    "market_label": "Spread: Nuggets (-4.5)",
    "wallet": "0xc94a2031b8b4cc4cf77eac0fd0e0b982b7b29401",
    "size_usd": 11237.42857,
    "size": 11237.42857,
    "outcome": "Yes",
    "side": "Yes",
    "price": 0.4899999999733035
  },
  {
    "timestamp": 1772755807,
    "market_id": "0xe617f48f745d14c2b49d470059c8c66cb38038a4ce7624983ef2a14ea8032fa3",
    "market_label": "Spread: Nuggets (-4.5)",
    "wallet": "0x4e052cfa2b45ab1b34ffd59208df6b0fa29c1b97",
    "size_usd": 1424.489794,
    "size": 1424.489794,
    "outcome": "Yes",
    "side": "Yes",
    "price": 0.48999999995787963
  },
  {
    "timestamp": 1772755109,
    "market_id": "0xe617f48f745d14c2b49d470059c8c66cb38038a4ce7624983ef2a14ea8032fa3",
    "market_label": "Spread: Nuggets (-4.5)",
    "wallet": "0xd106952ebf30a3125affd8a23b6c1f30c35fc79c",
    "size_usd": 4848.43,
    "size": 4848.43,
    "outcome": "Yes",
    "side": "Yes",
    "price": 0.49
  },
  {
    "timestamp": 1772754805,
    "market_id": "0xe617f48f745d14c2b49d470059c8c66cb38038a4ce7624983ef2a14ea8032fa3",
    "market_label": "Spread: Nuggets (-4.5)",
    "wallet": "0x370443ed5511eb6574bf71f664d6f023da2e0e84",
    "size_usd": 2040.816325,
    "size": 2040.816325,
    "outcome": "Yes",
    "side": "Yes",
    "price": 0.4899999998775
  },
  {
    "timestamp": 1772754437,
    "market_id": "0xe617f48f745d14c2b49d470059c8c66cb38038a4ce7624983ef2a14ea8032fa3",
    "market_label": "Spread: Nuggets (-4.5)",
    "wallet": "0x08c59894c5e32f0e5406799e49a9a33f4b7643ed",
    "size_usd": 40816.326529,
    "size": 40816.326529,
    "outcome": "Yes",
    "side": "Yes",
    "price": 0.489999999994855
  },
  {
    "timestamp": 1772754381,
    "market_id": "0xe617f48f745d14c2b49d470059c8c66cb38038a4ce7624983ef2a14ea8032fa3",
    "market_label": "Spread: Nuggets (-4.5)",
    "wallet": "0x4c21fe1152eef618b2cd3c6ca4fa7f44f7fa9b8a",
    "size_usd": 13375.510203,
    "size": 13375.510203,
    "outcome": "Yes",
    "side": "Yes",
    "price": 0.48999999996486115
  },
  {
    "timestamp": 1772754325,
    "market_id": "0xe617f48f745d14c2b49d470059c8c66cb38038a4ce7624983ef2a14ea8032fa3",
    "market_label": "Spread: Nuggets (-4.5)",
    "wallet": "0x5d1c4b458960890f0f8d933797a0bd43837ca6c5",
    "size_usd": 2355.102039,
    "size": 2355.102039,
    "outcome": "Yes",
    "side": "Yes",
    "price": 0.4899999999532929
  },
  {
    "timestamp": 1772753791,
    "market_id": "0xe617f48f745d14c2b49d470059c8c66cb38038a4ce7624983ef2a14ea8032fa3",
    "market_label": "Spread: Nuggets (-4.5)",
    "wallet": "0x011c2281adfe2425c99e4980964a3d3c210b31df",
    "size_usd": 18367.346937,
    "size": 18367.346937,
    "outcome": "Yes",
    "side": "Yes",
    "price": 0.4899999999929222
  },
  {
    "timestamp": 1772753423,
    "market_id": "0xe617f48f745d14c2b49d470059c8c66cb38038a4ce7624983ef2a14ea8032fa3",
    "market_label": "Spread: Nuggets (-4.5)",
    "wallet": "0x842ac934cfff1467f27c167c42c318001e407422",
    "size_usd": 8653.846152,
    "size": 8653.846152,
    "outcome": "Yes",
    "side": "Yes",
    "price": 0.5199999999953778
  },
  {
    "timestamp": 1772752063,
    "market_id": "0xe617f48f745d14c2b49d470059c8c66cb38038a4ce7624983ef2a14ea8032fa3",
    "market_label": "Spread: Nuggets (-4.5)",
    "wallet": "0x00d5f82b59c8b8e72684bca5a3b50eee3db6ed84",
    "size_usd": 3921.0,
    "size": 3921.0,
    "outcome": "No",
    "side": "No",
    "price": 0.48
  },
  {
    "timestamp": 1772751827,
    "market_id": "0xe617f48f745d14c2b49d470059c8c66cb38038a4ce7624983ef2a14ea8032fa3",
    "market_label": "Spread: Nuggets (-4.5)",
    "wallet": "0xd106952ebf30a3125affd8a23b6c1f30c35fc79c",
    "size_usd": 1578.37,
    "size": 1578.37,
    "outcome": "Yes",
    "side": "Yes",
    "price": 0.49
  },
  {
    "timestamp": 1772751337,
    "market_id": "0xe617f48f745d14c2b49d470059c8c66cb38038a4ce7624983ef2a14ea8032fa3",
    "market_label": "Spread: Nuggets (-4.5)",
    "wallet": "0xfd9792d09ab32da29efe8c02e39eb6200092feec",
    "size_usd": 5542.857141,
    "size": 5542.857141,
    "outcome": "Yes",
    "side": "Yes",
    "price": 0.48999999998376287
  },
  {
    "timestamp": 1772751075,
    "market_id": "0xe617f48f745d14c2b49d470059c8c66cb38038a4ce7624983ef2a14ea8032fa3",
    "market_label": "Spread: Nuggets (-4.5)",
    "wallet": "0x5c74341106db2c4a493a3a43b9a0db0c531c4ef0",
    "size_usd": 4081.632652,
    "size": 4081.632652,
    "outcome": "Yes",
    "side": "Yes",
    "price": 0.4899999998824
  },
  {
    "timestamp": 1772750837,
    "market_id": "0xe617f48f745d14c2b49d470059c8c66cb38038a4ce7624983ef2a14ea8032fa3",
    "market_label": "Spread: Nuggets (-4.5)",
    "wallet": "0x914671228c71e9fd05b738d8241151b6d4b65321",
    "size_usd": 17465.306121,
    "size": 17465.306121,
    "outcome": "Yes",
    "side": "Yes",
    "price": 0.48999999998339566
  },
  {
    "timestamp": 1772750543,
    "market_id": "0xe617f48f745d14c2b49d470059c8c66cb38038a4ce7624983ef2a14ea8032fa3",
    "market_label": "Spread: Nuggets (-4.5)",
    "wallet": "0x351e27b94a4bb022c6852370e9407868cf72de8a",
    "size_usd": 5583.0,
    "size": 5583.0,
    "outcome": "Yes",
    "side": "Yes",
    "price": 0.49
  },
  {
    "timestamp": 1772750487,
    "market_id": "0xe617f48f745d14c2b49d470059c8c66cb38038a4ce7624983ef2a14ea8032fa3",
    "market_label": "Spread: Nuggets (-4.5)",
    "wallet": "0xd071963f230f0eeb7b3a53198264cb845c089047",
    "size_usd": 1663.163264,
    "size": 1663.163264,
    "outcome": "Yes",
    "side": "Yes",
    "price": 0.489999999783545
  },
  {
    "timestamp": 1772750367,
    "market_id": "0xe617f48f745d14c2b49d470059c8c66cb38038a4ce7624983ef2a14ea8032fa3",
    "market_label": "Spread: Nuggets (-4.5)",
    "wallet": "0xac1afee0db8879b341d3869331158de8dbcdf708",
    "size_usd": 2732.448978,
    "size": 2732.448978,
    "outcome": "Yes",
    "side": "Yes",
    "price": 0.4899999999194861
  },
  {
    "timestamp": 1772750349,
    "market_id": "0xe617f48f745d14c2b49d470059c8c66cb38038a4ce7624983ef2a14ea8032fa3",
    "market_label": "Spread: Nuggets (-4.5)",
    "wallet": "0xac1afee0db8879b341d3869331158de8dbcdf708",
    "size_usd": 2732.448978,
    "size": 2732.448978,
    "outcome": "Yes",
    "side": "Yes",
    "price": 0.4899999999194861
  },
  {
    "timestamp": 1772750257,
    "market_id": "0xe617f48f745d14c2b49d470059c8c66cb38038a4ce7624983ef2a14ea8032fa3",
    "market_label": "Spread: Nuggets (-4.5)",
    "wallet": "0xf5a7b2ed20e42f02ba08fcabac6dbb445dcf63e7",
    "size_usd": 1035.0,
    "size": 1035.0,
    "outcome": "Yes",
    "side": "Yes",
    "price": 0.52
  },
  {
    "timestamp": 1772750155,
    "market_id": "0xe617f48f745d14c2b49d470059c8c66cb38038a4ce7624983ef2a14ea8032fa3",
    "market_label": "Spread: Nuggets (-4.5)",
    "wallet": "0xd47a5f5968836875b6edc337e18f2971b7d7b2d4",
    "size_usd": 20231.42857,
    "size": 20231.42857,
    "outcome": "Yes",
    "side": "Yes",
    "price": 0.4899999999851716
  },
  {
    "timestamp": 1772750133,
    "market_id": "0xe617f48f745d14c2b49d470059c8c66cb38038a4ce7624983ef2a14ea8032fa3",
    "market_label": "Spread: Nuggets (-4.5)",
    "wallet": "0x351e27b94a4bb022c6852370e9407868cf72de8a",
    "size_usd": 10468.0,
    "size": 10468.0,
    "outcome": "Yes",
    "side": "Yes",
    "price": 0.49
  },
  {
    "timestamp": 1772750103,
    "market_id": "0xe617f48f745d14c2b49d470059c8c66cb38038a4ce7624983ef2a14ea8032fa3",
    "market_label": "Spread: Nuggets (-4.5)",
    "wallet": "0xf059aff5075d2bb73405d9fe301f8ae20ed46dd9",
    "size_usd": 1428.571427,
    "size": 1428.571427,
    "outcome": "Yes",
    "side": "Yes",
    "price": 0.489999999839
  },
  {
    "timestamp": 1772750081,
    "market_id": "0xe617f48f745d14c2b49d470059c8c66cb38038a4ce7624983ef2a14ea8032fa3",
    "market_label": "Spread: Nuggets (-4.5)",
    "wallet": "0xf059aff5075d2bb73405d9fe301f8ae20ed46dd9",
    "size_usd": 2040.816325,
    "size": 2040.816325,
    "outcome": "Yes",
    "side": "Yes",
    "price": 0.4899999998775
  },
  {
    "timestamp": 1772750067,
    "market_id": "0xe617f48f745d14c2b49d470059c8c66cb38038a4ce7624983ef2a14ea8032fa3",
    "market_label": "Spread: Nuggets (-4.5)",
    "wallet": "0xf059aff5075d2bb73405d9fe301f8ae20ed46dd9",
    "size_usd": 2040.816325,
    "size": 2040.816325,
    "outcome": "Yes",
    "side": "Yes",
    "price": 0.4899999998775
  },
  {
    "timestamp": 1772750039,
    "market_id": "0xe617f48f745d14c2b49d470059c8c66cb38038a4ce7624983ef2a14ea8032fa3",
    "market_label": "Spread: Nuggets (-4.5)",
    "wallet": "0x0c84d454825e9f42619497f6158b4753cd43a8ed",
    "size_usd": 2040.816325,
    "size": 2040.816325,
    "outcome": "Yes",
    "side": "Yes",
    "price": 0.4899999998775
  },
  {
    "timestamp": 1772750027,
    "market_id": "0xe617f48f745d14c2b49d470059c8c66cb38038a4ce7624983ef2a14ea8032fa3",
    "market_label": "Spread: Nuggets (-4.5)",
    "wallet": "0xd071963f230f0eeb7b3a53198264cb845c089047",
    "size_usd": 5510.20408,
    "size": 5510.20408,
    "outcome": "Yes",
    "side": "Yes",
    "price": 0.4899999999637037
  },
  {
    "timestamp": 1772750019,
    "market_id": "0xe617f48f745d14c2b49d470059c8c66cb38038a4ce7624983ef2a14ea8032fa3",
    "market_label": "Spread: Nuggets (-4.5)",
    "wallet": "0x0c84d454825e9f42619497f6158b4753cd43a8ed",
    "size_usd": 2040.816325,
    "size": 2040.816325,
    "outcome": "Yes",
    "side": "Yes",
    "price": 0.4899999998775
  },
  {
    "timestamp": 1772750001,
    "market_id": "0xe617f48f745d14c2b49d470059c8c66cb38038a4ce7624983ef2a14ea8032fa3",
    "market_label": "Spread: Nuggets (-4.5)",
    "wallet": "0x0c84d454825e9f42619497f6158b4753cd43a8ed",
    "size_usd": 2040.816325,
    "size": 2040.816325,
    "outcome": "Yes",
    "side": "Yes",
    "price": 0.4899999998775
  },
  {
    "timestamp": 1772749993,
    "market_id": "0xe617f48f745d14c2b49d470059c8c66cb38038a4ce7624983ef2a14ea8032fa3",
    "market_label": "Spread: Nuggets (-4.5)",
    "wallet": "0x78bbf40c958761b51bbd3cd93ede714f06a1591f",
    "size_usd": 2732.65306,
    "size": 2732.65306,
    "outcome": "Yes",
    "side": "Yes",
    "price": 0.4899999998536221
  },
  {
    "timestamp": 1772749987,
    "market_id": "0xe617f48f745d14c2b49d470059c8c66cb38038a4ce7624983ef2a14ea8032fa3",
    "market_label": "Spread: Nuggets (-4.5)",
    "wallet": "0x0c84d454825e9f42619497f6158b4753cd43a8ed",
    "size_usd": 2040.816325,
    "size": 2040.816325,
    "outcome": "Yes",
    "side": "Yes",
    "price": 0.4899999998775
  },
  {
    "timestamp": 1772749973,
    "market_id": "0xe617f48f745d14c2b49d470059c8c66cb38038a4ce7624983ef2a14ea8032fa3",
    "market_label": "Spread: Nuggets (-4.5)",
    "wallet": "0x0c84d454825e9f42619497f6158b4753cd43a8ed",
    "size_usd": 2040.816325,
    "size": 2040.816325,
    "outcome": "Yes",
    "side": "Yes",
    "price": 0.4899999998775
  },
  {
    "timestamp": 1772749955,
    "market_id": "0xe617f48f745d14c2b49d470059c8c66cb38038a4ce7624983ef2a14ea8032fa3",
    "market_label": "Spread: Nuggets (-4.5)",
    "wallet": "0x0c84d454825e9f42619497f6158b4753cd43a8ed",
    "size_usd": 2040.816325,
    "size": 2040.816325,
    "outcome": "Yes",
    "side": "Yes",
    "price": 0.4899999998775
  },
  {
    "timestamp": 1772749949,
    "market_id": "0xe617f48f745d14c2b49d470059c8c66cb38038a4ce7624983ef2a14ea8032fa3",
    "market_label": "Spread: Nuggets (-4.5)",
    "wallet": "0xd071963f230f0eeb7b3a53198264cb845c089047",
    "size_usd": 15489.795917,
    "size": 15489.795917,
    "outcome": "Yes",
    "side": "Yes",
    "price": 0.48999999997869564
  },
  {
    "timestamp": 1772749941,
    "market_id": "0xe617f48f745d14c2b49d470059c8c66cb38038a4ce7624983ef2a14ea8032fa3",
    "market_label": "Spread: Nuggets (-4.5)",
    "wallet": "0x0c84d454825e9f42619497f6158b4753cd43a8ed",
    "size_usd": 2040.816325,
    "size": 2040.816325,
    "outcome": "Yes",
    "side": "Yes",
    "price": 0.4899999998775
  },
  {
    "timestamp": 1772749927,
    "market_id": "0xe617f48f745d14c2b49d470059c8c66cb38038a4ce7624983ef2a14ea8032fa3",
    "market_label": "Spread: Nuggets (-4.5)",
    "wallet": "0x0c84d454825e9f42619497f6158b4753cd43a8ed",
    "size_usd": 2040.816325,
    "size": 2040.816325,
    "outcome": "Yes",
    "side": "Yes",
    "price": 0.4899999998775
  },
  {
    "timestamp": 1772749915,
    "market_id": "0xe617f48f745d14c2b49d470059c8c66cb38038a4ce7624983ef2a14ea8032fa3",
    "market_label": "Spread: Nuggets (-4.5)",
    "wallet": "0xd071963f230f0eeb7b3a53198264cb845c089047",
    "size_usd": 3000.0,
    "size": 3000.0,
    "outcome": "Yes",
    "side": "Yes",
    "price": 0.49
  },
  {
    "timestamp": 1772749901,
    "market_id": "0xe617f48f745d14c2b49d470059c8c66cb38038a4ce7624983ef2a14ea8032fa3",
    "market_label": "Spread: Nuggets (-4.5)",
    "wallet": "0xbc37414580f0fd76082d68e03a5265db2f662f65",
    "size_usd": 1020.408162,
    "size": 1020.408162,
    "outcome": "Yes",
    "side": "Yes",
    "price": 0.4899999996276
  },
  {
    "timestamp": 1772749897,
    "market_id": "0xe617f48f745d14c2b49d470059c8c66cb38038a4ce7624983ef2a14ea8032fa3",
    "market_label": "Spread: Nuggets (-4.5)",
    "wallet": "0xd071963f230f0eeb7b3a53198264cb845c089047",
    "size_usd": 3000.0,
    "size": 3000.0,
    "outcome": "Yes",
    "side": "Yes",
    "price": 0.49
  },
  {
    "timestamp": 1772749893,
    "market_id": "0xe617f48f745d14c2b49d470059c8c66cb38038a4ce7624983ef2a14ea8032fa3",
    "market_label": "Spread: Nuggets (-4.5)",
    "wallet": "0xbc37414580f0fd76082d68e03a5265db2f662f65",
    "size_usd": 1020.408162,
    "size": 1020.408162,
    "outcome": "Yes",
    "side": "Yes",
    "price": 0.4899999996276
  },
  {
    "timestamp": 1772749887,
    "market_id": "0xe617f48f745d14c2b49d470059c8c66cb38038a4ce7624983ef2a14ea8032fa3",
    "market_label": "Spread: Nuggets (-4.5)",
    "wallet": "0xd071963f230f0eeb7b3a53198264cb845c089047",
    "size_usd": 3000.0,
    "size": 3000.0,
    "outcome": "Yes",
    "side": "Yes",
    "price": 0.49
  },
  {
    "timestamp": 1772749875,
    "market_id": "0xe617f48f745d14c2b49d470059c8c66cb38038a4ce7624983ef2a14ea8032fa3",
    "market_label": "Spread: Nuggets (-4.5)",
    "wallet": "0x78bbf40c958761b51bbd3cd93ede714f06a1591f",
    "size_usd": 2732.65306,
    "size": 2732.65306,
    "outcome": "Yes",
    "side": "Yes",
    "price": 0.4899999998536221
  },
  {
    "timestamp": 1772749865,
    "market_id": "0xe617f48f745d14c2b49d470059c8c66cb38038a4ce7624983ef2a14ea8032fa3",
    "market_label": "Spread: Nuggets (-4.5)",
    "wallet": "0xf059aff5075d2bb73405d9fe301f8ae20ed46dd9",
    "size_usd": 1428.571427,
    "size": 1428.571427,
    "outcome": "Yes",
    "side": "Yes",
    "price": 0.489999999839
  },
  {
    "timestamp": 1772749843,
    "market_id": "0xe617f48f745d14c2b49d470059c8c66cb38038a4ce7624983ef2a14ea8032fa3",
    "market_label": "Spread: Nuggets (-4.5)",
    "wallet": "0x78bbf40c958761b51bbd3cd93ede714f06a1591f",
    "size_usd": 2732.65306,
    "size": 2732.65306,
    "outcome": "Yes",
    "side": "Yes",
    "price": 0.4899999998536221
  },
  {
    "timestamp": 1772749833,
    "market_id": "0xe617f48f745d14c2b49d470059c8c66cb38038a4ce7624983ef2a14ea8032fa3",
    "market_label": "Spread: Nuggets (-4.5)",
    "wallet": "0xf059aff5075d2bb73405d9fe301f8ae20ed46dd9",
    "size_usd": 2040.816325,
    "size": 2040.816325,
    "outcome": "Yes",
    "side": "Yes",
    "price": 0.4899999998775
  },
  {
    "timestamp": 1772749833,
    "market_id": "0xe617f48f745d14c2b49d470059c8c66cb38038a4ce7624983ef2a14ea8032fa3",
    "market_label": "Spread: Nuggets (-4.5)",
    "wallet": "0xf059aff5075d2bb73405d9fe301f8ae20ed46dd9",
    "size_usd": 2041.102039,
    "size": 2041.102039,
    "outcome": "Yes",
    "side": "Yes",
    "price": 0.4899314095487021
  },
  {
    "timestamp": 1772749817,
    "market_id": "0xe617f48f745d14c2b49d470059c8c66cb38038a4ce7624983ef2a14ea8032fa3",
    "market_label": "Spread: Nuggets (-4.5)",
    "wallet": "0x4435a170c507aa2c7e7e32859b4adcac64c20840",
    "size_usd": 3183.673468,
    "size": 3183.673468,
    "outcome": "Yes",
    "side": "Yes",
    "price": 0.48999999989948717
  },
  {
    "timestamp": 1772749811,
    "market_id": "0xe617f48f745d14c2b49d470059c8c66cb38038a4ce7624983ef2a14ea8032fa3",
    "market_label": "Spread: Nuggets (-4.5)",
    "wallet": "0x3a91dcb1a08867eafe1e54699138a30d9ba31769",
    "size_usd": 2751.836733,
    "size": 2751.836733,
    "outcome": "Yes",
    "side": "Yes",
    "price": 0.4899999999382231
  },
  {
    "timestamp": 1772749797,
    "market_id": "0xe617f48f745d14c2b49d470059c8c66cb38038a4ce7624983ef2a14ea8032fa3",
    "market_label": "Spread: Nuggets (-4.5)",
    "wallet": "0x4435a170c507aa2c7e7e32859b4adcac64c20840",
    "size_usd": 20408.163264,
    "size": 20408.163264,
    "outcome": "Yes",
    "side": "Yes",
    "price": 0.48999999998236
  },
  {
    "timestamp": 1772749317,
    "market_id": "0xe617f48f745d14c2b49d470059c8c66cb38038a4ce7624983ef2a14ea8032fa3",
    "market_label": "Spread: Nuggets (-4.5)",
    "wallet": "0x2195081de77f0d8bca14fd4e7deb1174024b16f9",
    "size_usd": 4081.632652,
    "size": 4081.632652,
    "outcome": "Yes",
    "side": "Yes",
    "price": 0.4899999998824
  },
  {
    "timestamp": 1772749275,
    "market_id": "0xe617f48f745d14c2b49d470059c8c66cb38038a4ce7624983ef2a14ea8032fa3",
    "market_label": "Spread: Nuggets (-4.5)",
    "wallet": "0xd106952ebf30a3125affd8a23b6c1f30c35fc79c",
    "size_usd": 2561.86,
    "size": 2561.86,
    "outcome": "Yes",
    "side": "Yes",
    "price": 0.49
  },
  {
    "timestamp": 1772749127,
    "market_id": "0xe617f48f745d14c2b49d470059c8c66cb38038a4ce7624983ef2a14ea8032fa3",
    "market_label": "Spread: Nuggets (-4.5)",
    "wallet": "0xd38b71f3e8ed1af71983e5c309eac3dfa9b35029",
    "size_usd": 25000.0,
    "size": 25000.0,
    "outcome": "Yes",
    "side": "Yes",
    "price": 0.49
  },
  {
    "timestamp": 1772749055,
    "market_id": "0xe617f48f745d14c2b49d470059c8c66cb38038a4ce7624983ef2a14ea8032fa3",
    "market_label": "Spread: Nuggets (-4.5)",
    "wallet": "0xdb27bf2ac5d428a9c63dbc914611036855a6c56e",
    "size_usd": 5572.71,
    "size": 5572.71,
    "outcome": "Yes",
    "side": "Yes",
    "price": 0.51
  },
  {
    "timestamp": 1772748997,
    "market_id": "0xe617f48f745d14c2b49d470059c8c66cb38038a4ce7624983ef2a14ea8032fa3",
    "market_label": "Spread: Nuggets (-4.5)",
    "wallet": "0x081e14554b92ee3dc53a21bd5b01f306692ef76e",
    "size_usd": 6248.0,
    "size": 6248.0,
    "outcome": "Yes",
    "side": "Yes",
    "price": 0.5
  },
  {
    "timestamp": 1772748789,
    "market_id": "0xe617f48f745d14c2b49d470059c8c66cb38038a4ce7624983ef2a14ea8032fa3",
    "market_label": "Spread: Nuggets (-4.5)",
    "wallet": "0x00d5f82b59c8b8e72684bca5a3b50eee3db6ed84",
    "size_usd": 3921.0,
    "size": 3921.0,
    "outcome": "Yes",
    "side": "Yes",
    "price": 0.5
  },
  {
    "timestamp": 1772746709,
    "market_id": "0xe617f48f745d14c2b49d470059c8c66cb38038a4ce7624983ef2a14ea8032fa3",
    "market_label": "Spread: Nuggets (-4.5)",
    "wallet": "0x72983c97f41bb9c70e6ec51597f050168b0dfe8d",
    "size_usd": 1200.0,
    "size": 1200.0,
    "outcome": "Yes",
    "side": "Yes",
    "price": 0.51
  },
  {
    "timestamp": 1772746211,
    "market_id": "0xe617f48f745d14c2b49d470059c8c66cb38038a4ce7624983ef2a14ea8032fa3",
    "market_label": "Spread: Nuggets (-4.5)",
    "wallet": "0x6ade597c0e2b43c0bf3542cada8a5e330d73f5b0",
    "size_usd": 4000.0,
    "size": 4000.0,
    "outcome": "Yes",
    "side": "Yes",
    "price": 0.51
  },
  {
    "timestamp": 1772745611,
    "market_id": "0xe617f48f745d14c2b49d470059c8c66cb38038a4ce7624983ef2a14ea8032fa3",
    "market_label": "Spread: Nuggets (-4.5)",
    "wallet": "0xee613b3fc183ee44f9da9c05f53e2da107e3debf",
    "size_usd": 3654.9,
    "size": 3654.9,
    "outcome": "Yes",
    "side": "Yes",
    "price": 0.51
  },
  {
    "timestamp": 1772742175,
    "market_id": "0xe617f48f745d14c2b49d470059c8c66cb38038a4ce7624983ef2a14ea8032fa3",
    "market_label": "Spread: Nuggets (-4.5)",
    "wallet": "0x69e7ad68b5f11e97927e4bd938baf7dfb60bd3b0",
    "size_usd": 1500.0,
    "size": 1500.0,
    "outcome": "Yes",
    "side": "Yes",
    "price": 0.51
  },
  {
    "timestamp": 1772740105,
    "market_id": "0xe617f48f745d14c2b49d470059c8c66cb38038a4ce7624983ef2a14ea8032fa3",
    "market_label": "Spread: Nuggets (-4.5)",
    "wallet": "0xbc37414580f0fd76082d68e03a5265db2f662f65",
    "size_usd": 3000.0,
    "size": 3000.0,
    "outcome": "Yes",
    "side": "Yes",
    "price": 0.5
  },
  {
    "timestamp": 1772740085,
    "market_id": "0xe617f48f745d14c2b49d470059c8c66cb38038a4ce7624983ef2a14ea8032fa3",
    "market_label": "Spread: Nuggets (-4.5)",
    "wallet": "0xbc37414580f0fd76082d68e03a5265db2f662f65",
    "size_usd": 4000.0,
    "size": 4000.0,
    "outcome": "Yes",
    "side": "Yes",
    "price": 0.5
  },
  {
    "timestamp": 1772739481,
    "market_id": "0xe617f48f745d14c2b49d470059c8c66cb38038a4ce7624983ef2a14ea8032fa3",
    "market_label": "Spread: Nuggets (-4.5)",
    "wallet": "0xfd9792d09ab32da29efe8c02e39eb6200092feec",
    "size_usd": 14071.42,
    "size": 14071.42,
    "outcome": "Yes",
    "side": "Yes",
    "price": 0.5
  },
  {
    "timestamp": 1772739295,
    "market_id": "0xe617f48f745d14c2b49d470059c8c66cb38038a4ce7624983ef2a14ea8032fa3",
    "market_label": "Spread: Nuggets (-4.5)",
    "wallet": "0x842ac934cfff1467f27c167c42c318001e407422",
    "size_usd": 1962.745097,
    "size": 1962.745097,
    "outcome": "Yes",
    "side": "Yes",
    "price": 0.5099999997605394
  },
  {
    "timestamp": 1772739123,
    "market_id": "0xe617f48f745d14c2b49d470059c8c66cb38038a4ce7624983ef2a14ea8032fa3",
    "market_label": "Spread: Nuggets (-4.5)",
    "wallet": "0xa1f39b9b21a7bfb0f540cf106b92e240c7b7d99c",
    "size_usd": 1600.0,
    "size": 1600.0,
    "outcome": "Yes",
    "side": "Yes",
    "price": 0.5
  },
  {
    "timestamp": 1772739101,
    "market_id": "0xe617f48f745d14c2b49d470059c8c66cb38038a4ce7624983ef2a14ea8032fa3",
    "market_label": "Spread: Nuggets (-4.5)",
    "wallet": "0xa1f39b9b21a7bfb0f540cf106b92e240c7b7d99c",
    "size_usd": 1600.0,
    "size": 1600.0,
    "outcome": "Yes",
    "side": "Yes",
    "price": 0.5
  },
  {
    "timestamp": 1772777049,
    "market_id": "0x8d30cc5f9f49a0126f31043b00fb087f1b71cbd09cc0a73c1c5a02c129b0528f",
    "market_label": "Knicks vs. Nuggets",
    "wallet": "0x99e079510ac59429c1317848ee68d42420395052",
    "size_usd": 1665.07,
    "size": 1665.07,
    "outcome": "Yes",
    "side": "Yes",
    "price": 0.48
  },
  {
    "timestamp": 1772776977,
    "market_id": "0x8d30cc5f9f49a0126f31043b00fb087f1b71cbd09cc0a73c1c5a02c129b0528f",
    "market_label": "Knicks vs. Nuggets",
    "wallet": "0x112c0a80f4b234c1752189c7fd5bb142d8d4dbdf",
    "size_usd": 1925.0,
    "size": 1925.0,
    "outcome": "Yes",
    "side": "Yes",
    "price": 0.48
  },
  {
    "timestamp": 1772776871,
    "market_id": "0x8d30cc5f9f49a0126f31043b00fb087f1b71cbd09cc0a73c1c5a02c129b0528f",
    "market_label": "Knicks vs. Nuggets",
    "wallet": "0xc920862666c6bc0ec7c681a96504af5bb6377914",
    "size_usd": 9019.216325,
    "size": 9019.216325,
    "outcome": "Yes",
    "side": "Yes",
    "price": 0.4894039393162022
  },
  {
    "timestamp": 1772776787,
    "market_id": "0x8d30cc5f9f49a0126f31043b00fb087f1b71cbd09cc0a73c1c5a02c129b0528f",
    "market_label": "Knicks vs. Nuggets",
    "wallet": "0xa5fee049d7069409570ba460367b1a47f91da0b3",
    "size_usd": 2031.0,
    "size": 2031.0,
    "outcome": "Yes",
    "side": "Yes",
    "price": 0.52
  },
  {
    "timestamp": 1772776779,
    "market_id": "0x8d30cc5f9f49a0126f31043b00fb087f1b71cbd09cc0a73c1c5a02c129b0528f",
    "market_label": "Knicks vs. Nuggets",
    "wallet": "0x1fa3f4eeeaffdde281ad04be844842f08c29ab9c",
    "size_usd": 3846.153845,
    "size": 3846.153845,
    "outcome": "Yes",
    "side": "Yes",
    "price": 0.519999999896
  },
  {
    "timestamp": 1772776735,
    "market_id": "0x8d30cc5f9f49a0126f31043b00fb087f1b71cbd09cc0a73c1c5a02c129b0528f",
    "market_label": "Knicks vs. Nuggets",
    "wallet": "0x067f7f6e3d5363f1cf962499d1be2ca6de8be041",
    "size_usd": 1672.27,
    "size": 1672.27,
    "outcome": "Yes",
    "side": "Yes",
    "price": 0.51
  },
  {
    "timestamp": 1772776709,
    "market_id": "0x8d30cc5f9f49a0126f31043b00fb087f1b71cbd09cc0a73c1c5a02c129b0528f",
    "market_label": "Knicks vs. Nuggets",
    "wallet": "0x91fd9fb66b4f61d7de7e0d826221c4a0f8e01cde",
    "size_usd": 10000.0,
    "size": 10000.0,
    "outcome": "Yes",
    "side": "Yes",
    "price": 0.51
  },
  {
    "timestamp": 1772776635,
    "market_id": "0x8d30cc5f9f49a0126f31043b00fb087f1b71cbd09cc0a73c1c5a02c129b0528f",
    "market_label": "Knicks vs. Nuggets",
    "wallet": "0xeac3414919f38e6c323fe27ab1cdcb86ff95a6bc",
    "size_usd": 1000.0,
    "size": 1000.0,
    "outcome": "Yes",
    "side": "Yes",
    "price": 0.5
  },
  {
    "timestamp": 1772776553,
    "market_id": "0x8d30cc5f9f49a0126f31043b00fb087f1b71cbd09cc0a73c1c5a02c129b0528f",
    "market_label": "Knicks vs. Nuggets",
    "wallet": "0xecfce3118f6f085a96c7d1a8bee42af34cb9cd05",
    "size_usd": 1571.0,
    "size": 1571.0,
    "outcome": "Yes",
    "side": "Yes",
    "price": 0.51
  },
  {
    "timestamp": 1772775931,
    "market_id": "0x8d30cc5f9f49a0126f31043b00fb087f1b71cbd09cc0a73c1c5a02c129b0528f",
    "market_label": "Knicks vs. Nuggets",
    "wallet": "0x2652dd1140c3b9e69c8852264cf8dbe727672a1d",
    "size_usd": 1449.0,
    "size": 1449.0,
    "outcome": "Yes",
    "side": "Yes",
    "price": 0.5
  },
  {
    "timestamp": 1772775691,
    "market_id": "0x8d30cc5f9f49a0126f31043b00fb087f1b71cbd09cc0a73c1c5a02c129b0528f",
    "market_label": "Knicks vs. Nuggets",
    "wallet": "0xada56a3f1a9d7d3fe7ec8cbcaa0865109c57db70",
    "size_usd": 1331.0,
    "size": 1331.0,
    "outcome": "Yes",
    "side": "Yes",
    "price": 0.51
  },
  {
    "timestamp": 1772775267,
    "market_id": "0x8d30cc5f9f49a0126f31043b00fb087f1b71cbd09cc0a73c1c5a02c129b0528f",
    "market_label": "Knicks vs. Nuggets",
    "wallet": "0x41371b0b167a28cf840b3fdc1738de92f191586c",
    "size_usd": 1036.45,
    "size": 1036.45,
    "outcome": "No",
    "side": "No",
    "price": 0.48
  },
  {
    "timestamp": 1772769879,
    "market_id": "0x8d30cc5f9f49a0126f31043b00fb087f1b71cbd09cc0a73c1c5a02c129b0528f",
    "market_label": "Knicks vs. Nuggets",
    "wallet": "0x3c7ebc96f744a2a52841733c0b3dfe66011ea65f",
    "size_usd": 1591.06,
    "size": 1591.06,
    "outcome": "Yes",
    "side": "Yes",
    "price": 0.51
  },
  {
    "timestamp": 1772764479,
    "market_id": "0x8d30cc5f9f49a0126f31043b00fb087f1b71cbd09cc0a73c1c5a02c129b0528f",
    "market_label": "Knicks vs. Nuggets",
    "wallet": "0x514467c7d95d8d3ef15832527c6811a754dec4cb",
    "size_usd": 4880.0,
    "size": 4880.0,
    "outcome": "Yes",
    "side": "Yes",
    "price": 0.51
  },
  {
    "timestamp": 1772764271,
    "market_id": "0x8d30cc5f9f49a0126f31043b00fb087f1b71cbd09cc0a73c1c5a02c129b0528f",
    "market_label": "Knicks vs. Nuggets",
    "wallet": "0x824c4b1ae7d8f778fd074aedfaed79ba60eeb827",
    "size_usd": 4880.0,
    "size": 4880.0,
    "outcome": "Yes",
    "side": "Yes",
    "price": 0.51
  },
  {
    "timestamp": 1772764193,
    "market_id": "0x8d30cc5f9f49a0126f31043b00fb087f1b71cbd09cc0a73c1c5a02c129b0528f",
    "market_label": "Knicks vs. Nuggets",
    "wallet": "0x5809bbb0a4d2156f6a53d4fbc8d7c967f9be154e",
    "size_usd": 4880.0,
    "size": 4880.0,
    "outcome": "Yes",
    "side": "Yes",
    "price": 0.51
  },
  {
    "timestamp": 1772764131,
    "market_id": "0x8d30cc5f9f49a0126f31043b00fb087f1b71cbd09cc0a73c1c5a02c129b0528f",
    "market_label": "Knicks vs. Nuggets",
    "wallet": "0xce30e6963caa366dbffb067ec6f80f7078a0a434",
    "size_usd": 4890.0,
    "size": 4890.0,
    "outcome": "Yes",
    "side": "Yes",
    "price": 0.51
  },
  {
    "timestamp": 1772750551,
    "market_id": "0x8d30cc5f9f49a0126f31043b00fb087f1b71cbd09cc0a73c1c5a02c129b0528f",
    "market_label": "Knicks vs. Nuggets",
    "wallet": "0x77d32628ba47e23666c767c2f29d30dde341f4d6",
    "size_usd": 1522.0,
    "size": 1522.0,
    "outcome": "No",
    "side": "No",
    "price": 0.5
  },
  {
    "timestamp": 1772748047,
    "market_id": "0x8d30cc5f9f49a0126f31043b00fb087f1b71cbd09cc0a73c1c5a02c129b0528f",
    "market_label": "Knicks vs. Nuggets",
    "wallet": "0x2f2b6e3176e4914ccc79111dd9c704904d390f9a",
    "size_usd": 1500.1,
    "size": 1500.1,
    "outcome": "Yes",
    "side": "Yes",
    "price": 0.49030064662355843
  },
  {
    "timestamp": 1772737911,
    "market_id": "0x8d30cc5f9f49a0126f31043b00fb087f1b71cbd09cc0a73c1c5a02c129b0528f",
    "market_label": "Knicks vs. Nuggets",
    "wallet": "0xead152b855effa6b5b5837f53b24c0756830c76a",
    "size_usd": 1951.0,
    "size": 1951.0,
    "outcome": "Yes",
    "side": "Yes",
    "price": 0.48
  },
  {
    "timestamp": 1772719769,
    "market_id": "0x8d30cc5f9f49a0126f31043b00fb087f1b71cbd09cc0a73c1c5a02c129b0528f",
    "market_label": "Knicks vs. Nuggets",
    "wallet": "0x2e4c9c7275d0f5d02e1787e7f59d98ad985b28dd",
    "size_usd": 1000.0,
    "size": 1000.0,
    "outcome": "No",
    "side": "No",
    "price": 0.49
  },
  {
    "timestamp": 1772681987,
    "market_id": "0x8d30cc5f9f49a0126f31043b00fb087f1b71cbd09cc0a73c1c5a02c129b0528f",
    "market_label": "Knicks vs. Nuggets",
    "wallet": "0xea7bab80c3aed35c962950742b9f2202429ca34b",
    "size_usd": 4005.965,
    "size": 4005.965,
    "outcome": "Yes",
    "side": "Yes",
    "price": 0.519225704667914
  },
  {
    "timestamp": 1772681705,
    "market_id": "0x8d30cc5f9f49a0126f31043b00fb087f1b71cbd09cc0a73c1c5a02c129b0528f",
    "market_label": "Knicks vs. Nuggets",
    "wallet": "0xea7bab80c3aed35c962950742b9f2202429ca34b",
    "size_usd": 4012.155293,
    "size": 4012.155293,
    "outcome": "Yes",
    "side": "Yes",
    "price": 0.49848519136071234
  },
  {
    "timestamp": 1772614917,
    "market_id": "0x8d30cc5f9f49a0126f31043b00fb087f1b71cbd09cc0a73c1c5a02c129b0528f",
    "market_label": "Knicks vs. Nuggets",
    "wallet": "0x2e4c9c7275d0f5d02e1787e7f59d98ad985b28dd",
    "size_usd": 1000.0,
    "size": 1000.0,
    "outcome": "No",
    "side": "No",
    "price": 0.52
  },
  {
    "timestamp": 1772231895,
    "market_id": "0xe3e8574f967e628750dff67c641944a84da281ced40ffe7c76e42649e89a6887",
    "market_label": "Will the San Antonio Spurs win the NBA Western Conference Finals?",
    "wallet": "0xeea492523c308962fee077ff7440d71856b423f6",
    "size_usd": 1058.256613,
    "size": 1058.256613,
    "outcome": "Yes",
    "side": "Yes",
    "price": 0.18899007721107433
  },
  {
    "timestamp": 1772221899,
    "market_id": "0xe3e8574f967e628750dff67c641944a84da281ced40ffe7c76e42649e89a6887",
    "market_label": "Will the San Antonio Spurs win the NBA Western Conference Finals?",
    "wallet": "0xeea492523c308962fee077ff7440d71856b423f6",
    "size_usd": 1008.82,
    "size": 1008.82,
    "outcome": "No",
    "side": "No",
    "price": 0.18777555956463987
  },
  {
    "timestamp": 1772218579,
    "market_id": "0xe3e8574f967e628750dff67c641944a84da281ced40ffe7c76e42649e89a6887",
    "market_label": "Will the San Antonio Spurs win the NBA Western Conference Finals?",
    "wallet": "0xeea492523c308962fee077ff7440d71856b423f6",
    "size_usd": 1007.0,
    "size": 1007.0,
    "outcome": "No",
    "side": "No",
    "price": 0.1892973982125124
  },
  {
    "timestamp": 1772141176,
    "market_id": "0xe3e8574f967e628750dff67c641944a84da281ced40ffe7c76e42649e89a6887",
    "market_label": "Will the San Antonio Spurs win the NBA Western Conference Finals?",
    "wallet": "0xeea492523c308962fee077ff7440d71856b423f6",
    "size_usd": 1074.5,
    "size": 1074.5,
    "outcome": "No",
    "side": "No",
    "price": 0.16093431363424848
  },
  {
    "timestamp": 1772138448,
    "market_id": "0xe3e8574f967e628750dff67c641944a84da281ced40ffe7c76e42649e89a6887",
    "market_label": "Will the San Antonio Spurs win the NBA Western Conference Finals?",
    "wallet": "0xeea492523c308962fee077ff7440d71856b423f6",
    "size_usd": 1073.0,
    "size": 1073.0,
    "outcome": "No",
    "side": "No",
    "price": 0.1729077726001864
  },
  {
    "timestamp": 1771717436,
    "market_id": "0xe3e8574f967e628750dff67c641944a84da281ced40ffe7c76e42649e89a6887",
    "market_label": "Will the San Antonio Spurs win the NBA Western Conference Finals?",
    "wallet": "0xeea492523c308962fee077ff7440d71856b423f6",
    "size_usd": 1939.227629,
    "size": 1939.227629,
    "outcome": "Yes",
    "side": "Yes",
    "price": 0.2604129558840975
  },
  {
    "timestamp": 1772704129,
    "market_id": "0xbf5c661a6d8c348adb83d13626a52799ac68e11b8497aa1bf0189d85eeb5099c",
    "market_label": "Will Tyrese Maxey win the 2025\u20132026 NBA MVP?",
    "wallet": "0xbe9e255a1cabd0c02efa873e0e5dc6e5d7f0232d",
    "size_usd": 1649.0,
    "size": 1649.0,
    "outcome": "No",
    "side": "No",
    "price": 0.003
  },
  {
    "timestamp": 1772702841,
    "market_id": "0xbf5c661a6d8c348adb83d13626a52799ac68e11b8497aa1bf0189d85eeb5099c",
    "market_label": "Will Tyrese Maxey win the 2025\u20132026 NBA MVP?",
    "wallet": "0xbe9e255a1cabd0c02efa873e0e5dc6e5d7f0232d",
    "size_usd": 2364.0,
    "size": 2364.0,
    "outcome": "Yes",
    "side": "Yes",
    "price": 0.003
  },
  {
    "timestamp": 1772691765,
    "market_id": "0xbf5c661a6d8c348adb83d13626a52799ac68e11b8497aa1bf0189d85eeb5099c",
    "market_label": "Will Tyrese Maxey win the 2025\u20132026 NBA MVP?",
    "wallet": "0xa22813790ae0eab6954397d1e6860ccaf2a16752",
    "size_usd": 2252.0,
    "size": 2252.0,
    "outcome": "Yes",
    "side": "Yes",
    "price": 0.003
  },
  {
    "timestamp": 1772682735,
    "market_id": "0xbf5c661a6d8c348adb83d13626a52799ac68e11b8497aa1bf0189d85eeb5099c",
    "market_label": "Will Tyrese Maxey win the 2025\u20132026 NBA MVP?",
    "wallet": "0xa4f5fa0a34344635e621d47bf3766845a4c29c5e",
    "size_usd": 2488.0,
    "size": 2488.0,
    "outcome": "No",
    "side": "No",
    "price": 0.003
  },
  {
    "timestamp": 1772681749,
    "market_id": "0xbf5c661a6d8c348adb83d13626a52799ac68e11b8497aa1bf0189d85eeb5099c",
    "market_label": "Will Tyrese Maxey win the 2025\u20132026 NBA MVP?",
    "wallet": "0xa4f5fa0a34344635e621d47bf3766845a4c29c5e",
    "size_usd": 2488.0,
    "size": 2488.0,
    "outcome": "Yes",
    "side": "Yes",
    "price": 0.003
  },
  {
    "timestamp": 1772681147,
    "market_id": "0xbf5c661a6d8c348adb83d13626a52799ac68e11b8497aa1bf0189d85eeb5099c",
    "market_label": "Will Tyrese Maxey win the 2025\u20132026 NBA MVP?",
    "wallet": "0x2906977916c9e14cf64bb1202e71bc45bc843290",
    "size_usd": 1644.0,
    "size": 1644.0,
    "outcome": "Yes",
    "side": "Yes",
    "price": 0.003
  },
  {
    "timestamp": 1772640865,
    "market_id": "0xbf5c661a6d8c348adb83d13626a52799ac68e11b8497aa1bf0189d85eeb5099c",
    "market_label": "Will Tyrese Maxey win the 2025\u20132026 NBA MVP?",
    "wallet": "0x3d569b6344218a1a9898bc3d9ef6ebbf6e545970",
    "size_usd": 1400.0,
    "size": 1400.0,
    "outcome": "Yes",
    "side": "Yes",
    "price": 0.998
  },
  {
    "timestamp": 1772620131,
    "market_id": "0xbf5c661a6d8c348adb83d13626a52799ac68e11b8497aa1bf0189d85eeb5099c",
    "market_label": "Will Tyrese Maxey win the 2025\u20132026 NBA MVP?",
    "wallet": "0x789fc6a40f2d1901fd505e057520bd8de84d2132",
    "size_usd": 2472.0,
    "size": 2472.0,
    "outcome": "No",
    "side": "No",
    "price": 0.003
  },
  {
    "timestamp": 1772619263,
    "market_id": "0xbf5c661a6d8c348adb83d13626a52799ac68e11b8497aa1bf0189d85eeb5099c",
    "market_label": "Will Tyrese Maxey win the 2025\u20132026 NBA MVP?",
    "wallet": "0x789fc6a40f2d1901fd505e057520bd8de84d2132",
    "size_usd": 2472.0,
    "size": 2472.0,
    "outcome": "Yes",
    "side": "Yes",
    "price": 0.003
  },
  {
    "timestamp": 1772611185,
    "market_id": "0xbf5c661a6d8c348adb83d13626a52799ac68e11b8497aa1bf0189d85eeb5099c",
    "market_label": "Will Tyrese Maxey win the 2025\u20132026 NBA MVP?",
    "wallet": "0x7728e5c5e34bca8d3cf5bdbac817aa74258d0d0a",
    "size_usd": 2428.0,
    "size": 2428.0,
    "outcome": "No",
    "side": "No",
    "price": 0.003
  },
  {
    "timestamp": 1772609783,
    "market_id": "0xbf5c661a6d8c348adb83d13626a52799ac68e11b8497aa1bf0189d85eeb5099c",
    "market_label": "Will Tyrese Maxey win the 2025\u20132026 NBA MVP?",
    "wallet": "0x7728e5c5e34bca8d3cf5bdbac817aa74258d0d0a",
    "size_usd": 2428.0,
    "size": 2428.0,
    "outcome": "Yes",
    "side": "Yes",
    "price": 0.003
  },
  {
    "timestamp": 1772607217,
    "market_id": "0xbf5c661a6d8c348adb83d13626a52799ac68e11b8497aa1bf0189d85eeb5099c",
    "market_label": "Will Tyrese Maxey win the 2025\u20132026 NBA MVP?",
    "wallet": "0xacb93f93f5ecadd30d5cd811f85498b74ae168d7",
    "size_usd": 2342.0,
    "size": 2342.0,
    "outcome": "No",
    "side": "No",
    "price": 0.003
  },
  {
    "timestamp": 1772605783,
    "market_id": "0xbf5c661a6d8c348adb83d13626a52799ac68e11b8497aa1bf0189d85eeb5099c",
    "market_label": "Will Tyrese Maxey win the 2025\u20132026 NBA MVP?",
    "wallet": "0xacb93f93f5ecadd30d5cd811f85498b74ae168d7",
    "size_usd": 2342.0,
    "size": 2342.0,
    "outcome": "Yes",
    "side": "Yes",
    "price": 0.003
  },
  {
    "timestamp": 1772596877,
    "market_id": "0xbf5c661a6d8c348adb83d13626a52799ac68e11b8497aa1bf0189d85eeb5099c",
    "market_label": "Will Tyrese Maxey win the 2025\u20132026 NBA MVP?",
    "wallet": "0x2ec4c5b55d1e87acba9ee14d2c17f96634ba055a",
    "size_usd": 2549.0,
    "size": 2549.0,
    "outcome": "Yes",
    "side": "Yes",
    "price": 0.003
  },
  {
    "timestamp": 1772593283,
    "market_id": "0xbf5c661a6d8c348adb83d13626a52799ac68e11b8497aa1bf0189d85eeb5099c",
    "market_label": "Will Tyrese Maxey win the 2025\u20132026 NBA MVP?",
    "wallet": "0x0175bf125753101bce9a92bd3e01fe98052649a2",
    "size_usd": 2366.0,
    "size": 2366.0,
    "outcome": "No",
    "side": "No",
    "price": 0.003
  },
  {
    "timestamp": 1772592281,
    "market_id": "0xbf5c661a6d8c348adb83d13626a52799ac68e11b8497aa1bf0189d85eeb5099c",
    "market_label": "Will Tyrese Maxey win the 2025\u20132026 NBA MVP?",
    "wallet": "0x0175bf125753101bce9a92bd3e01fe98052649a2",
    "size_usd": 2366.0,
    "size": 2366.0,
    "outcome": "Yes",
    "side": "Yes",
    "price": 0.003
  },
  {
    "timestamp": 1772442581,
    "market_id": "0xbf5c661a6d8c348adb83d13626a52799ac68e11b8497aa1bf0189d85eeb5099c",
    "market_label": "Will Tyrese Maxey win the 2025\u20132026 NBA MVP?",
    "wallet": "0x85de1361efd5c682f6eb7d3a63306bf425373717",
    "size_usd": 1237.68,
    "size": 1237.68,
    "outcome": "No",
    "side": "No",
    "price": 0.002
  },
  {
    "timestamp": 1772194325,
    "market_id": "0xbf5c661a6d8c348adb83d13626a52799ac68e11b8497aa1bf0189d85eeb5099c",
    "market_label": "Will Tyrese Maxey win the 2025\u20132026 NBA MVP?",
    "wallet": "0xab6c1ad19fdf64f7c951ea453a57003c99438a73",
    "size_usd": 2898.0,
    "size": 2898.0,
    "outcome": "No",
    "side": "No",
    "price": 0.996
  },
  {
    "timestamp": 1772193897,
    "market_id": "0xbf5c661a6d8c348adb83d13626a52799ac68e11b8497aa1bf0189d85eeb5099c",
    "market_label": "Will Tyrese Maxey win the 2025\u20132026 NBA MVP?",
    "wallet": "0xab6c1ad19fdf64f7c951ea453a57003c99438a73",
    "size_usd": 2898.0,
    "size": 2898.0,
    "outcome": "Yes",
    "side": "Yes",
    "price": 0.997
  },
  {
    "timestamp": 1772111390,
    "market_id": "0xbf5c661a6d8c348adb83d13626a52799ac68e11b8497aa1bf0189d85eeb5099c",
    "market_label": "Will Tyrese Maxey win the 2025\u20132026 NBA MVP?",
    "wallet": "0x51f9e9ec07cc0705b603fcc0a950070678c0ecf6",
    "size_usd": 1313.941666,
    "size": 1313.941666,
    "outcome": "Yes",
    "side": "Yes",
    "price": 0.9969999999984779
  },
  {
    "timestamp": 1772108320,
    "market_id": "0xbf5c661a6d8c348adb83d13626a52799ac68e11b8497aa1bf0189d85eeb5099c",
    "market_label": "Will Tyrese Maxey win the 2025\u20132026 NBA MVP?",
    "wallet": "0x18d9051474e6f3cdb9dc4e1fa0e8f2e1d43191f9",
    "size_usd": 2778.0,
    "size": 2778.0,
    "outcome": "No",
    "side": "No",
    "price": 0.996
  },
  {
    "timestamp": 1772108056,
    "market_id": "0xbf5c661a6d8c348adb83d13626a52799ac68e11b8497aa1bf0189d85eeb5099c",
    "market_label": "Will Tyrese Maxey win the 2025\u20132026 NBA MVP?",
    "wallet": "0x18d9051474e6f3cdb9dc4e1fa0e8f2e1d43191f9",
    "size_usd": 2778.0,
    "size": 2778.0,
    "outcome": "Yes",
    "side": "Yes",
    "price": 0.997
  },
  {
    "timestamp": 1772054600,
    "market_id": "0xbf5c661a6d8c348adb83d13626a52799ac68e11b8497aa1bf0189d85eeb5099c",
    "market_label": "Will Tyrese Maxey win the 2025\u20132026 NBA MVP?",
    "wallet": "0x9840267d9712d0284ab1c7b5624ca9512d8f4530",
    "size_usd": 1714.45,
    "size": 1714.45,
    "outcome": "No",
    "side": "No",
    "price": 0.996
  },
  {
    "timestamp": 1772054600,
    "market_id": "0xbf5c661a6d8c348adb83d13626a52799ac68e11b8497aa1bf0189d85eeb5099c",
    "market_label": "Will Tyrese Maxey win the 2025\u20132026 NBA MVP?",
    "wallet": "0xedf788083dd99ef199d7a5eb284232d80aaf5644",
    "size_usd": 1025.45,
    "size": 1025.45,
    "outcome": "No",
    "side": "No",
    "price": 0.996
  },
  {
    "timestamp": 1772054600,
    "market_id": "0xbf5c661a6d8c348adb83d13626a52799ac68e11b8497aa1bf0189d85eeb5099c",
    "market_label": "Will Tyrese Maxey win the 2025\u20132026 NBA MVP?",
    "wallet": "0x229ed0ecbdc6f5c073fd9d55f29d029067044d6e",
    "size_usd": 1351.66,
    "size": 1351.66,
    "outcome": "No",
    "side": "No",
    "price": 0.996
  },
  {
    "timestamp": 1772053592,
    "market_id": "0xbf5c661a6d8c348adb83d13626a52799ac68e11b8497aa1bf0189d85eeb5099c",
    "market_label": "Will Tyrese Maxey win the 2025\u20132026 NBA MVP?",
    "wallet": "0xa1b79ac24f523de78581ae8f635c6aee97905383",
    "size_usd": 1555.34,
    "size": 1555.34,
    "outcome": "No",
    "side": "No",
    "price": 0.996
  },
  {
    "timestamp": 1772051166,
    "market_id": "0xbf5c661a6d8c348adb83d13626a52799ac68e11b8497aa1bf0189d85eeb5099c",
    "market_label": "Will Tyrese Maxey win the 2025\u20132026 NBA MVP?",
    "wallet": "0x9840267d9712d0284ab1c7b5624ca9512d8f4530",
    "size_usd": 1714.453333,
    "size": 1714.453333,
    "outcome": "Yes",
    "side": "Yes",
    "price": 0.9969999999994167
  },
  {
    "timestamp": 1772050992,
    "market_id": "0xbf5c661a6d8c348adb83d13626a52799ac68e11b8497aa1bf0189d85eeb5099c",
    "market_label": "Will Tyrese Maxey win the 2025\u20132026 NBA MVP?",
    "wallet": "0xedf788083dd99ef199d7a5eb284232d80aaf5644",
    "size_usd": 1025.456333,
    "size": 1025.456333,
    "outcome": "Yes",
    "side": "Yes",
    "price": 0.9969999999990248
  },
  {
    "timestamp": 1772050984,
    "market_id": "0xbf5c661a6d8c348adb83d13626a52799ac68e11b8497aa1bf0189d85eeb5099c",
    "market_label": "Will Tyrese Maxey win the 2025\u20132026 NBA MVP?",
    "wallet": "0xa1b79ac24f523de78581ae8f635c6aee97905383",
    "size_usd": 1555.346,
    "size": 1555.346,
    "outcome": "Yes",
    "side": "Yes",
    "price": 0.997
  },
  {
    "timestamp": 1772050972,
    "market_id": "0xbf5c661a6d8c348adb83d13626a52799ac68e11b8497aa1bf0189d85eeb5099c",
    "market_label": "Will Tyrese Maxey win the 2025\u20132026 NBA MVP?",
    "wallet": "0x229ed0ecbdc6f5c073fd9d55f29d029067044d6e",
    "size_usd": 1351.664666,
    "size": 1351.664666,
    "outcome": "Yes",
    "side": "Yes",
    "price": 0.9969999999985203
  },
  {
    "timestamp": 1772752525,
    "market_id": "0xab74cdeb9959f12e6d4d89184b65233a147ea75063b0ceb36e7783715172072d",
    "market_label": "Spread: FC Bayern M\u00fcnchen (-2.5)",
    "wallet": "0x204f72f35326db932158cba6adff0b9a1da95e14",
    "size_usd": 1655.0,
    "size": 1655.0,
    "outcome": "Yes",
    "side": "Yes",
    "price": 0.46
  },
  {
    "timestamp": 1772622495,
    "market_id": "0xab74cdeb9959f12e6d4d89184b65233a147ea75063b0ceb36e7783715172072d",
    "market_label": "Spread: FC Bayern M\u00fcnchen (-2.5)",
    "wallet": "0xb9abbf527032ba370e3519de95ff907d0154f282",
    "size_usd": 2000.0,
    "size": 2000.0,
    "outcome": "Yes",
    "side": "Yes",
    "price": 0.5
  },
  {
    "timestamp": 1772774571,
    "market_id": "0xaad3d2e09818ea10638d08b61211e403c6a2b037da48ca2f4d33ff0645120874",
    "market_label": "Spread: Pelicans (-4.5)",
    "wallet": "0x027b5b9468451566b53b293a53c42669f3de019c",
    "size_usd": 1251.84,
    "size": 1251.84,
    "outcome": "No",
    "side": "No",
    "price": 0.999
  },
  {
    "timestamp": 1772774221,
    "market_id": "0xaad3d2e09818ea10638d08b61211e403c6a2b037da48ca2f4d33ff0645120874",
    "market_label": "Spread: Pelicans (-4.5)",
    "wallet": "0x027b5b9468451566b53b293a53c42669f3de019c",
    "size_usd": 1251.841975,
    "size": 1251.841975,
    "outcome": "Yes",
    "side": "Yes",
    "price": 0.9503435894933944
  },
  {
    "timestamp": 1772769509,
    "market_id": "0xaad3d2e09818ea10638d08b61211e403c6a2b037da48ca2f4d33ff0645120874",
    "market_label": "Spread: Pelicans (-4.5)",
    "wallet": "0x204f72f35326db932158cba6adff0b9a1da95e14",
    "size_usd": 2568.0,
    "size": 2568.0,
    "outcome": "Yes",
    "side": "Yes",
    "price": 0.49
  },
  {
    "timestamp": 1772768623,
    "market_id": "0xaad3d2e09818ea10638d08b61211e403c6a2b037da48ca2f4d33ff0645120874",
    "market_label": "Spread: Pelicans (-4.5)",
    "wallet": "0x204f72f35326db932158cba6adff0b9a1da95e14",
    "size_usd": 4771.0,
    "size": 4771.0,
    "outcome": "Yes",
    "side": "Yes",
    "price": 0.55
  },
  {
    "timestamp": 1772767147,
    "market_id": "0xaad3d2e09818ea10638d08b61211e403c6a2b037da48ca2f4d33ff0645120874",
    "market_label": "Spread: Pelicans (-4.5)",
    "wallet": "0x9cf0b5a80535cc91768214ade4117e41bbf38b2b",
    "size_usd": 2351.99,
    "size": 2351.99,
    "outcome": "Yes",
    "side": "Yes",
    "price": 0.48
  },
  {
    "timestamp": 1772763265,
    "market_id": "0xaad3d2e09818ea10638d08b61211e403c6a2b037da48ca2f4d33ff0645120874",
    "market_label": "Spread: Pelicans (-4.5)",
    "wallet": "0xee613b3fc183ee44f9da9c05f53e2da107e3debf",
    "size_usd": 1296.61,
    "size": 1296.61,
    "outcome": "Yes",
    "side": "Yes",
    "price": 0.59
  },
  {
    "timestamp": 1772763195,
    "market_id": "0xaad3d2e09818ea10638d08b61211e403c6a2b037da48ca2f4d33ff0645120874",
    "market_label": "Spread: Pelicans (-4.5)",
    "wallet": "0x6d3c5bd13984b2de47c3a88ddc455309aab3d294",
    "size_usd": 1140.22,
    "size": 1140.22,
    "outcome": "No",
    "side": "No",
    "price": 0.43
  },
  {
    "timestamp": 1772760939,
    "market_id": "0xaad3d2e09818ea10638d08b61211e403c6a2b037da48ca2f4d33ff0645120874",
    "market_label": "Spread: Pelicans (-4.5)",
    "wallet": "0xee613b3fc183ee44f9da9c05f53e2da107e3debf",
    "size_usd": 1194.55,
    "size": 1194.55,
    "outcome": "Yes",
    "side": "Yes",
    "price": 0.55
  },
  {
    "timestamp": 1772752151,
    "market_id": "0xaad3d2e09818ea10638d08b61211e403c6a2b037da48ca2f4d33ff0645120874",
    "market_label": "Spread: Pelicans (-4.5)",
    "wallet": "0x00d5f82b59c8b8e72684bca5a3b50eee3db6ed84",
    "size_usd": 1086.0,
    "size": 1086.0,
    "outcome": "No",
    "side": "No",
    "price": 0.44
  },
  {
    "timestamp": 1772752001,
    "market_id": "0xaad3d2e09818ea10638d08b61211e403c6a2b037da48ca2f4d33ff0645120874",
    "market_label": "Spread: Pelicans (-4.5)",
    "wallet": "0x24b38390c3bba47ac7e0707d1a531c67f356a5a4",
    "size_usd": 1786.23375,
    "size": 1786.23375,
    "outcome": "Yes",
    "side": "Yes",
    "price": 0.5598371433749922
  },
  {
    "timestamp": 1772748911,
    "market_id": "0xaad3d2e09818ea10638d08b61211e403c6a2b037da48ca2f4d33ff0645120874",
    "market_label": "Spread: Pelicans (-4.5)",
    "wallet": "0x00d5f82b59c8b8e72684bca5a3b50eee3db6ed84",
    "size_usd": 1086.0,
    "size": 1086.0,
    "outcome": "Yes",
    "side": "Yes",
    "price": 0.46
  },
  {
    "timestamp": 1772744019,
    "market_id": "0xaad3d2e09818ea10638d08b61211e403c6a2b037da48ca2f4d33ff0645120874",
    "market_label": "Spread: Pelicans (-4.5)",
    "wallet": "0x78ad03d27582cd1b5255d364ff8f093b6cf745cc",
    "size_usd": 5267.0,
    "size": 5267.0,
    "outcome": "Yes",
    "side": "Yes",
    "price": 0.569014676286311
  },
  {
    "timestamp": 1772709967,
    "market_id": "0xaad3d2e09818ea10638d08b61211e403c6a2b037da48ca2f4d33ff0645120874",
    "market_label": "Spread: Pelicans (-4.5)",
    "wallet": "0x773cd6af028fa8818ccb7ff8678e6727dbefcf18",
    "size_usd": 1224.489794,
    "size": 1224.489794,
    "outcome": "Yes",
    "side": "Yes",
    "price": 0.489999999951
  },
  {
    "timestamp": 1772709871,
    "market_id": "0xaad3d2e09818ea10638d08b61211e403c6a2b037da48ca2f4d33ff0645120874",
    "market_label": "Spread: Pelicans (-4.5)",
    "wallet": "0x9cf0b5a80535cc91768214ade4117e41bbf38b2b",
    "size_usd": 4796.54,
    "size": 4796.54,
    "outcome": "Yes",
    "side": "Yes",
    "price": 0.51
  },
  {
    "timestamp": 1772709779,
    "market_id": "0xaad3d2e09818ea10638d08b61211e403c6a2b037da48ca2f4d33ff0645120874",
    "market_label": "Spread: Pelicans (-4.5)",
    "wallet": "0x9cf0b5a80535cc91768214ade4117e41bbf38b2b",
    "size_usd": 2526.34,
    "size": 2526.34,
    "outcome": "Yes",
    "side": "Yes",
    "price": 0.5
  },
  {
    "timestamp": 1772702899,
    "market_id": "0xaad3d2e09818ea10638d08b61211e403c6a2b037da48ca2f4d33ff0645120874",
    "market_label": "Spread: Pelicans (-4.5)",
    "wallet": "0xaaf6c182cd0678e2085ddc3da798743c208bd903",
    "size_usd": 1098.36,
    "size": 1098.36,
    "outcome": "Yes",
    "side": "Yes",
    "price": 0.5
  },
  {
    "timestamp": 1772702899,
    "market_id": "0xaad3d2e09818ea10638d08b61211e403c6a2b037da48ca2f4d33ff0645120874",
    "market_label": "Spread: Pelicans (-4.5)",
    "wallet": "0x888574cf39d841f364c8ad194c7addad56103ec9",
    "size_usd": 1416.0,
    "size": 1416.0,
    "outcome": "Yes",
    "side": "Yes",
    "price": 0.5
  },
  {
    "timestamp": 1772702897,
    "market_id": "0xaad3d2e09818ea10638d08b61211e403c6a2b037da48ca2f4d33ff0645120874",
    "market_label": "Spread: Pelicans (-4.5)",
    "wallet": "0x6b96b0a760d96cdf297a26465340bc9e4e5f294a",
    "size_usd": 1048.0,
    "size": 1048.0,
    "outcome": "Yes",
    "side": "Yes",
    "price": 0.5
  },
  {
    "timestamp": 1772702897,
    "market_id": "0xaad3d2e09818ea10638d08b61211e403c6a2b037da48ca2f4d33ff0645120874",
    "market_label": "Spread: Pelicans (-4.5)",
    "wallet": "0x08b913fcd8db2afcc2f8ba9a009ddaedc64f1edb",
    "size_usd": 1040.0,
    "size": 1040.0,
    "outcome": "Yes",
    "side": "Yes",
    "price": 0.5
  },
  {
    "timestamp": 1772702897,
    "market_id": "0xaad3d2e09818ea10638d08b61211e403c6a2b037da48ca2f4d33ff0645120874",
    "market_label": "Spread: Pelicans (-4.5)",
    "wallet": "0x9a51a855afaca66e3c931e3e1653c30661c7e358",
    "size_usd": 1052.0,
    "size": 1052.0,
    "outcome": "Yes",
    "side": "Yes",
    "price": 0.5
  },
  {
    "timestamp": 1772702897,
    "market_id": "0xaad3d2e09818ea10638d08b61211e403c6a2b037da48ca2f4d33ff0645120874",
    "market_label": "Spread: Pelicans (-4.5)",
    "wallet": "0x19c743c7aef587aab70ff46aadda8ea1f41c2d87",
    "size_usd": 1080.0,
    "size": 1080.0,
    "outcome": "Yes",
    "side": "Yes",
    "price": 0.5
  },
  {
    "timestamp": 1772701047,
    "market_id": "0xaad3d2e09818ea10638d08b61211e403c6a2b037da48ca2f4d33ff0645120874",
    "market_label": "Spread: Pelicans (-4.5)",
    "wallet": "0xe37f562d820f10bb7ea0da3ce6e5d31746bb6dc8",
    "size_usd": 1088.0,
    "size": 1088.0,
    "outcome": "Yes",
    "side": "Yes",
    "price": 0.5
  },
  {
    "timestamp": 1772701047,
    "market_id": "0xaad3d2e09818ea10638d08b61211e403c6a2b037da48ca2f4d33ff0645120874",
    "market_label": "Spread: Pelicans (-4.5)",
    "wallet": "0xfd46ecced0840c2903df15b678f02d1ba2f101a6",
    "size_usd": 1300.0,
    "size": 1300.0,
    "outcome": "Yes",
    "side": "Yes",
    "price": 0.5
  },
  {
    "timestamp": 1772701045,
    "market_id": "0xaad3d2e09818ea10638d08b61211e403c6a2b037da48ca2f4d33ff0645120874",
    "market_label": "Spread: Pelicans (-4.5)",
    "wallet": "0x41bd9c90dafd7d2dc58e77af39843657c6263d7a",
    "size_usd": 1048.0,
    "size": 1048.0,
