[
  {
    "timestamp": 1772692121,
    "market_id": "0x3620c3209705522ff3e761e07bd53cc11a0acb1ee88dd0445ada3c9575bc71f7",
    "market_label": "Bitcoin Up or Down - March 5, 1:25AM-1:30AM ET",
    "wallet": "0x30895d701bbcb001cbefa637dfa489f58fa23cb3",
    "size_usd": 2404.73242,
    "size": 2404.73242,
    "outcome": "Down",
    "side": "Down",
    "price": 0.944853564622379
  },
  {
    "timestamp": 1772692197,
    "market_id": "0x3620c3209705522ff3e761e07bd53cc11a0acb1ee88dd0445ada3c9575bc71f7",
    "market_label": "Bitcoin Up or Down - March 5, 1:25AM-1:30AM ET",
    "wallet": "0x8acc716667f483aa5a7c0071ad48a47e709cb597",
    "size_usd": 1222.65,
    "size": 1222.65,
    "outcome": "Yes",
    "side": "Yes",
    "price": 0.99
  },
  {
    "timestamp": 1772692195,
    "market_id": "0x3620c3209705522ff3e761e07bd53cc11a0acb1ee88dd0445ada3c9575bc71f7",
    "market_label": "Bitcoin Up or Down - March 5, 1:25AM-1:30AM ET",
    "wallet": "0x48994587a2379bcd32387899930851d14751c212",
    "size_usd": 1615.7878,
    "size": 1615.7878,
    "outcome": "Yes",
    "side": "Yes",
    "price": 0.99
  },
  {
    "timestamp": 1772692195,
    "market_id": "0x3620c3209705522ff3e761e07bd53cc11a0acb1ee88dd0445ada3c9575bc71f7",
    "market_label": "Bitcoin Up or Down - March 5, 1:25AM-1:30AM ET",
    "wallet": "0xd84c2b6d65dc596f49c7b6aadd6d74ca91e407b9",
    "size_usd": 2908.01,
    "size": 2908.01,
    "outcome": "Yes",
    "side": "Yes",
    "price": 0.99
  },
  {
    "timestamp": 1772692193,
    "market_id": "0x3620c3209705522ff3e761e07bd53cc11a0acb1ee88dd0445ada3c9575bc71f7",
    "market_label": "Bitcoin Up or Down - March 5, 1:25AM-1:30AM ET",
    "wallet": "0x4babcabf7ff12f074fd86ad41cad08814cabd2d0",
    "size_usd": 1010.101,
    "size": 1010.101,
    "outcome": "Yes",
    "side": "Yes",
    "price": 0.99
  },
  {
    "timestamp": 1772692191,
    "market_id": "0x3620c3209705522ff3e761e07bd53cc11a0acb1ee88dd0445ada3c9575bc71f7",
    "market_label": "Bitcoin Up or Down - March 5, 1:25AM-1:30AM ET",
    "wallet": "0xf2a9276d3264b4f501656d0a4664fa6a5c7a72d2",
    "size_usd": 1213.081631,
    "size": 1213.081631,
    "outcome": "Yes",
    "side": "Yes",
    "price": 0.9799999996867482
  },
  {
    "timestamp": 1772692191,
    "market_id": "0x3620c3209705522ff3e761e07bd53cc11a0acb1ee88dd0445ada3c9575bc71f7",
    "market_label": "Bitcoin Up or Down - March 5, 1:25AM-1:30AM ET",
    "wallet": "0xe408e67364f85cbc89a21aa03732b0489fc1677f",
    "size_usd": 1020.4,
    "size": 1020.4,
    "outcome": "Yes",
    "side": "Yes",
    "price": 0.98
  },
  {
    "timestamp": 1772692121,
    "market_id": "0x3620c3209705522ff3e761e07bd53cc11a0acb1ee88dd0445ada3c9575bc71f7",
    "market_label": "Bitcoin Up or Down - March 5, 1:25AM-1:30AM ET",
    "wallet": "0x30895d701bbcb001cbefa637dfa489f58fa23cb3",
    "size_usd": 2404.73242,
    "size": 2404.73242,
    "outcome": "Yes",
    "side": "Yes",
    "price": 0.944853564622379
  },
  {
    "timestamp": 1772661375,
    "market_id": "0x80bf88929f0b14d0daea8b32734eea59008d8a683958de52bd13b97b7d5d6539",
    "market_label": "Will Eastern Washington win the 2026 Big Sky conference championship?",
    "wallet": "0xeface9902242b0399856f981600b907dcc9bc9a1",
    "size_usd": 1000.0,
    "size": 1000.0,
    "outcome": "Yes",
    "side": "Yes",
    "price": 0.17
  },
  {
    "timestamp": 1772676769,
    "market_id": "0xc771628162ee0100dc74e1c71c14ed067c3cc0f90e85e9f2c1038a33967c52a5",
    "market_label": "Will the Las Vegas Raiders win the 2027 NFL league championship?",
    "wallet": "0x195c2943b9925f4a82b9e45a92f668238b2a5f9a",
    "size_usd": 7116.4275,
    "size": 7116.4275,
    "outcome": "Yes",
    "side": "Yes",
    "price": 0.014051994487402563
  },
  {
    "timestamp": 1772579449,
    "market_id": "0xc771628162ee0100dc74e1c71c14ed067c3cc0f90e85e9f2c1038a33967c52a5",
    "market_label": "Will the Las Vegas Raiders win the 2027 NFL league championship?",
    "wallet": "0x73b2777a106fb132b0a2e81df89714a6199c67d1",
    "size_usd": 2000.0,
    "size": 2000.0,
    "outcome": "Yes",
    "side": "Yes",
    "price": 0.01
  },
  {
    "timestamp": 1772417831,
    "market_id": "0xc771628162ee0100dc74e1c71c14ed067c3cc0f90e85e9f2c1038a33967c52a5",
    "market_label": "Will the Las Vegas Raiders win the 2027 NFL league championship?",
    "wallet": "0xae93e0af32ff9e958393bf64178c9c13dd897120",
    "size_usd": 3000.0,
    "size": 3000.0,
    "outcome": "Yes",
    "side": "Yes",
    "price": 0.01
  },
  {
    "timestamp": 1772227191,
    "market_id": "0xc771628162ee0100dc74e1c71c14ed067c3cc0f90e85e9f2c1038a33967c52a5",
    "market_label": "Will the Las Vegas Raiders win the 2027 NFL league championship?",
    "wallet": "0x795bcd3d428f35656a74c86c1d996bf6050d7735",
    "size_usd": 1083.47,
    "size": 1083.47,
    "outcome": "No",
    "side": "No",
    "price": 0.991
  },
  {
    "timestamp": 1772226365,
    "market_id": "0xc771628162ee0100dc74e1c71c14ed067c3cc0f90e85e9f2c1038a33967c52a5",
    "market_label": "Will the Las Vegas Raiders win the 2027 NFL league championship?",
    "wallet": "0x795bcd3d428f35656a74c86c1d996bf6050d7735",
    "size_usd": 1083.47775,
    "size": 1083.47775,
    "outcome": "Yes",
    "side": "Yes",
    "price": 0.992
  },
  {
    "timestamp": 1772216125,
    "market_id": "0xc771628162ee0100dc74e1c71c14ed067c3cc0f90e85e9f2c1038a33967c52a5",
    "market_label": "Will the Las Vegas Raiders win the 2027 NFL league championship?",
    "wallet": "0x6df766e3e23ecf297342f37b5783ac066fb8afb0",
    "size_usd": 8000.0,
    "size": 8000.0,
    "outcome": "Yes",
    "side": "Yes",
    "price": 0.009
  },
  {
    "timestamp": 1772207359,
    "market_id": "0xc771628162ee0100dc74e1c71c14ed067c3cc0f90e85e9f2c1038a33967c52a5",
    "market_label": "Will the Las Vegas Raiders win the 2027 NFL league championship?",
    "wallet": "0xa4f03de485c7c2f483050739ad4ec97444eac480",
    "size_usd": 8759.0,
    "size": 8759.0,
    "outcome": "Yes",
    "side": "Yes",
    "price": 0.009
  },
  {
    "timestamp": 1772037018,
    "market_id": "0xc771628162ee0100dc74e1c71c14ed067c3cc0f90e85e9f2c1038a33967c52a5",
    "market_label": "Will the Las Vegas Raiders win the 2027 NFL league championship?",
    "wallet": "0x73b2777a106fb132b0a2e81df89714a6199c67d1",
    "size_usd": 10000.0,
    "size": 10000.0,
    "outcome": "Yes",
    "side": "Yes",
    "price": 0.009
  },
  {
    "timestamp": 1772016178,
    "market_id": "0xc771628162ee0100dc74e1c71c14ed067c3cc0f90e85e9f2c1038a33967c52a5",
    "market_label": "Will the Las Vegas Raiders win the 2027 NFL league championship?",
    "wallet": "0x6df766e3e23ecf297342f37b5783ac066fb8afb0",
    "size_usd": 2000.0,
    "size": 2000.0,
    "outcome": "Yes",
    "side": "Yes",
    "price": 0.009
  },
  {
    "timestamp": 1771940616,
    "market_id": "0xc771628162ee0100dc74e1c71c14ed067c3cc0f90e85e9f2c1038a33967c52a5",
    "market_label": "Will the Las Vegas Raiders win the 2027 NFL league championship?",
    "wallet": "0x4be2b6e51fda4cc03e78dde7d8d48ec1833ef23d",
    "size_usd": 1200.79,
    "size": 1200.79,
    "outcome": "No",
    "side": "No",
    "price": 0.991
  },
  {
    "timestamp": 1771908112,
    "market_id": "0xc771628162ee0100dc74e1c71c14ed067c3cc0f90e85e9f2c1038a33967c52a5",
    "market_label": "Will the Las Vegas Raiders win the 2027 NFL league championship?",
    "wallet": "0xb4e816f779e836727761e90828e491c99e49a40c",
    "size_usd": 1665.32,
    "size": 1665.32,
    "outcome": "No",
    "side": "No",
    "price": 0.991
  },
  {
    "timestamp": 1771734166,
    "market_id": "0xc771628162ee0100dc74e1c71c14ed067c3cc0f90e85e9f2c1038a33967c52a5",
    "market_label": "Will the Las Vegas Raiders win the 2027 NFL league championship?",
    "wallet": "0xb4e816f779e836727761e90828e491c99e49a40c",
    "size_usd": 1665.3225,
    "size": 1665.3225,
    "outcome": "Yes",
    "side": "Yes",
    "price": 0.992
  },
  {
    "timestamp": 1771595392,
    "market_id": "0xc771628162ee0100dc74e1c71c14ed067c3cc0f90e85e9f2c1038a33967c52a5",
    "market_label": "Will the Las Vegas Raiders win the 2027 NFL league championship?",
    "wallet": "0x0c97a0d521ca0b84fa0f5094084231128407a855",
    "size_usd": 1078.62,
    "size": 1078.62,
    "outcome": "No",
    "side": "No",
    "price": 0.991746324006601
  },
  {
    "timestamp": 1771570990,
    "market_id": "0xc771628162ee0100dc74e1c71c14ed067c3cc0f90e85e9f2c1038a33967c52a5",
    "market_label": "Will the Las Vegas Raiders win the 2027 NFL league championship?",
    "wallet": "0x4be2b6e51fda4cc03e78dde7d8d48ec1833ef23d",
    "size_usd": 1200.79,
    "size": 1200.79,
    "outcome": "Yes",
    "side": "Yes",
    "price": 0.992
  },
  {
    "timestamp": 1771516464,
    "market_id": "0xc771628162ee0100dc74e1c71c14ed067c3cc0f90e85e9f2c1038a33967c52a5",
    "market_label": "Will the Las Vegas Raiders win the 2027 NFL league championship?",
    "wallet": "0x6b54d31a4af81e191e79cc4157e4f53f58a674d9",
    "size_usd": 1567.54,
    "size": 1567.54,
    "outcome": "No",
    "side": "No",
    "price": 0.991
  },
  {
    "timestamp": 1771513478,
    "market_id": "0xc771628162ee0100dc74e1c71c14ed067c3cc0f90e85e9f2c1038a33967c52a5",
    "market_label": "Will the Las Vegas Raiders win the 2027 NFL league championship?",
    "wallet": "0xce8262542581f5c284a5b0f1b06d2f252dad801b",
    "size_usd": 1513.62,
    "size": 1513.62,
    "outcome": "No",
    "side": "No",
    "price": 0.991
  },
  {
    "timestamp": 1771512574,
    "market_id": "0xc771628162ee0100dc74e1c71c14ed067c3cc0f90e85e9f2c1038a33967c52a5",
    "market_label": "Will the Las Vegas Raiders win the 2027 NFL league championship?",
    "wallet": "0x0c97a0d521ca0b84fa0f5094084231128407a855",
    "size_usd": 1078.629,
    "size": 1078.629,
    "outcome": "Yes",
    "side": "Yes",
    "price": 0.992
  },
  {
    "timestamp": 1772666307,
    "market_id": "0x9d253412618643f1a7998374c841465e6582cf853228570df48eab09c3bc7f10",
    "market_label": "Will Hillary say \"President\" 5+ times during her Epstein testimony?",
    "wallet": "0xbdd819e16d6408bc9b0335ea91fc39ee4df59720",
    "size_usd": 1057.6,
    "size": 1057.6,
    "outcome": "No",
    "side": "No",
    "price": 0.003057431921331316
  },
  {
    "timestamp": 1772661375,
    "market_id": "0x9d253412618643f1a7998374c841465e6582cf853228570df48eab09c3bc7f10",
    "market_label": "Will Hillary say \"President\" 5+ times during her Epstein testimony?",
    "wallet": "0x8de2cebd8ec4c7ed023347d2aad27b3fe08e8483",
    "size_usd": 1912.51,
    "size": 1912.51,
    "outcome": "No",
    "side": "No",
    "price": 0.992
  },
  {
    "timestamp": 1772644107,
    "market_id": "0x9d253412618643f1a7998374c841465e6582cf853228570df48eab09c3bc7f10",
    "market_label": "Will Hillary say \"President\" 5+ times during her Epstein testimony?",
    "wallet": "0x7e31a5e9c31638483614e9fd9f945bb34692454d",
    "size_usd": 1211.01,
    "size": 1211.01,
    "outcome": "Yes",
    "side": "Yes",
    "price": 0.996322359022634
  },
  {
    "timestamp": 1772638769,
    "market_id": "0x9d253412618643f1a7998374c841465e6582cf853228570df48eab09c3bc7f10",
    "market_label": "Will Hillary say \"President\" 5+ times during her Epstein testimony?",
    "wallet": "0xb4f67a1de6aafd9c4e9b53d4854a3ae0cd829e9f",
    "size_usd": 6000.25,
    "size": 6000.25,
    "outcome": "No",
    "side": "No",
    "price": 0.002741447439690013
  },
  {
    "timestamp": 1772637773,
    "market_id": "0x9d253412618643f1a7998374c841465e6582cf853228570df48eab09c3bc7f10",
    "market_label": "Will Hillary say \"President\" 5+ times during her Epstein testimony?",
    "wallet": "0x7943306d73da965d7f45cd3663d7b59123a4b918",
    "size_usd": 1495.0325,
    "size": 1495.0325,
    "outcome": "Yes",
    "side": "Yes",
    "price": 0.006688817801619697
  },
  {
    "timestamp": 1772631899,
    "market_id": "0x9d253412618643f1a7998374c841465e6582cf853228570df48eab09c3bc7f10",
    "market_label": "Will Hillary say \"President\" 5+ times during her Epstein testimony?",
    "wallet": "0x7cdc4a5715f404230d11b404aba9d60850f24870",
    "size_usd": 3209.88,
    "size": 3209.88,
    "outcome": "No",
    "side": "No",
    "price": 0.002155769063017932
  },
  {
    "timestamp": 1772629811,
    "market_id": "0x9d253412618643f1a7998374c841465e6582cf853228570df48eab09c3bc7f10",
    "market_label": "Will Hillary say \"President\" 5+ times during her Epstein testimony?",
    "wallet": "0x8de2cebd8ec4c7ed023347d2aad27b3fe08e8483",
    "size_usd": 2328.12,
    "size": 2328.12,
    "outcome": "Yes",
    "side": "Yes",
    "price": 0.9939751473291755
  },
  {
    "timestamp": 1772629701,
    "market_id": "0x9d253412618643f1a7998374c841465e6582cf853228570df48eab09c3bc7f10",
    "market_label": "Will Hillary say \"President\" 5+ times during her Epstein testimony?",
    "wallet": "0x7cdc4a5715f404230d11b404aba9d60850f24870",
    "size_usd": 3209.885,
    "size": 3209.885,
    "outcome": "Yes",
    "side": "Yes",
    "price": 0.00996920450421121
  },
  {
    "timestamp": 1772628191,
    "market_id": "0x9d253412618643f1a7998374c841465e6582cf853228570df48eab09c3bc7f10",
    "market_label": "Will Hillary say \"President\" 5+ times during her Epstein testimony?",
    "wallet": "0x54a78f8c6e64572111c5683a9efeed25a04c881b",
    "size_usd": 1022.84,
    "size": 1022.84,
    "outcome": "Yes",
    "side": "Yes",
    "price": 0.993
  },
  {
    "timestamp": 1772620773,
    "market_id": "0x9d253412618643f1a7998374c841465e6582cf853228570df48eab09c3bc7f10",
    "market_label": "Will Hillary say \"President\" 5+ times during her Epstein testimony?",
    "wallet": "0xb4f67a1de6aafd9c4e9b53d4854a3ae0cd829e9f",
    "size_usd": 6000.256922,
    "size": 6000.256922,
    "outcome": "Yes",
    "side": "Yes",
    "price": 0.00916627416375155
  },
  {
    "timestamp": 1772614397,
    "market_id": "0x9d253412618643f1a7998374c841465e6582cf853228570df48eab09c3bc7f10",
    "market_label": "Will Hillary say \"President\" 5+ times during her Epstein testimony?",
    "wallet": "0x395911dfd2a02a84d9e7f12f008d5b5324c8c73d",
    "size_usd": 7436.285944,
    "size": 7436.285944,
    "outcome": "Yes",
    "side": "Yes",
    "price": 0.013447573123608222
  },
  {
    "timestamp": 1772611335,
    "market_id": "0x9d253412618643f1a7998374c841465e6582cf853228570df48eab09c3bc7f10",
    "market_label": "Will Hillary say \"President\" 5+ times during her Epstein testimony?",
    "wallet": "0xa4113b7cf582d31ba0c93cfbb277c223472d8b80",
    "size_usd": 1014.566666,
    "size": 1014.566666,
    "outcome": "Yes",
    "side": "Yes",
    "price": 0.004928212376336835
  },
  {
    "timestamp": 1772610477,
    "market_id": "0x9d253412618643f1a7998374c841465e6582cf853228570df48eab09c3bc7f10",
    "market_label": "Will Hillary say \"President\" 5+ times during her Epstein testimony?",
    "wallet": "0x95074f700f93bdf6e62fc965e0832064c0877b04",
    "size_usd": 1747.72,
    "size": 1747.72,
    "outcome": "Yes",
    "side": "Yes",
    "price": 0.9987927986176275
  },
  {
    "timestamp": 1772606373,
    "market_id": "0x9d253412618643f1a7998374c841465e6582cf853228570df48eab09c3bc7f10",
    "market_label": "Will Hillary say \"President\" 5+ times during her Epstein testimony?",
    "wallet": "0x4915374e92aaa99fae59b7f3ba5bd0e1f90cbef1",
    "size_usd": 1062.1,
    "size": 1062.1,
    "outcome": "Yes",
    "side": "Yes",
    "price": 0.009415309292910273
  },
  {
    "timestamp": 1772588119,
    "market_id": "0x9d253412618643f1a7998374c841465e6582cf853228570df48eab09c3bc7f10",
    "market_label": "Will Hillary say \"President\" 5+ times during her Epstein testimony?",
    "wallet": "0x95074f700f93bdf6e62fc965e0832064c0877b04",
    "size_usd": 6554.9,
    "size": 6554.9,
    "outcome": "Yes",
    "side": "Yes",
    "price": 0.997810758363972
  },
  {
    "timestamp": 1772583169,
    "market_id": "0x9d253412618643f1a7998374c841465e6582cf853228570df48eab09c3bc7f10",
    "market_label": "Will Hillary say \"President\" 5+ times during her Epstein testimony?",
    "wallet": "0xbdd819e16d6408bc9b0335ea91fc39ee4df59720",
    "size_usd": 1057.6,
    "size": 1057.6,
    "outcome": "Yes",
    "side": "Yes",
    "price": 0.009332450832072616
  },
  {
    "timestamp": 1772582249,
    "market_id": "0x9d253412618643f1a7998374c841465e6582cf853228570df48eab09c3bc7f10",
    "market_label": "Will Hillary say \"President\" 5+ times during her Epstein testimony?",
    "wallet": "0xe4f05db293dc0cc0a7c8687bb0935028df33b9f2",
    "size_usd": 1108.108,
    "size": 1108.108,
    "outcome": "Yes",
    "side": "Yes",
    "price": 0.009024391124330842
  },
  {
    "timestamp": 1772557571,
    "market_id": "0x9d253412618643f1a7998374c841465e6582cf853228570df48eab09c3bc7f10",
    "market_label": "Will Hillary say \"President\" 5+ times during her Epstein testimony?",
    "wallet": "0xee1179be276559a485db6b86ccfde2e5eb3aed6d",
    "size_usd": 3805.075,
    "size": 3805.075,
    "outcome": "Yes",
    "side": "Yes",
    "price": 0.010512276367745708
  },
  {
    "timestamp": 1772553951,
    "market_id": "0x9d253412618643f1a7998374c841465e6582cf853228570df48eab09c3bc7f10",
    "market_label": "Will Hillary say \"President\" 5+ times during her Epstein testimony?",
    "wallet": "0x54a78f8c6e64572111c5683a9efeed25a04c881b",
    "size_usd": 1750.0,
    "size": 1750.0,
    "outcome": "No",
    "side": "No",
    "price": 0.995
  },
  {
    "timestamp": 1772543883,
    "market_id": "0x9d253412618643f1a7998374c841465e6582cf853228570df48eab09c3bc7f10",
    "market_label": "Will Hillary say \"President\" 5+ times during her Epstein testimony?",
    "wallet": "0x54a78f8c6e64572111c5683a9efeed25a04c881b",
    "size_usd": 3000.0,
    "size": 3000.0,
    "outcome": "Yes",
    "side": "Yes",
    "price": 0.995
  },
  {
    "timestamp": 1772543853,
    "market_id": "0x9d253412618643f1a7998374c841465e6582cf853228570df48eab09c3bc7f10",
    "market_label": "Will Hillary say \"President\" 5+ times during her Epstein testimony?",
    "wallet": "0x8454f39e7fa6957dfbf1ecc574820ada1c92331a",
    "size_usd": 1300.0,
    "size": 1300.0,
    "outcome": "Yes",
    "side": "Yes",
    "price": 0.995
  },
  {
    "timestamp": 1772543553,
    "market_id": "0x9d253412618643f1a7998374c841465e6582cf853228570df48eab09c3bc7f10",
    "market_label": "Will Hillary say \"President\" 5+ times during her Epstein testimony?",
    "wallet": "0xc581b48bddb05191674a105586b6bf19d40ade6b",
    "size_usd": 1400.0,
    "size": 1400.0,
    "outcome": "Yes",
    "side": "Yes",
    "price": 0.005
  },
  {
    "timestamp": 1772527761,
    "market_id": "0x9d253412618643f1a7998374c841465e6582cf853228570df48eab09c3bc7f10",
    "market_label": "Will Hillary say \"President\" 5+ times during her Epstein testimony?",
    "wallet": "0x66efd672be12a5d6339dbfa5b93d1b1297de0a4c",
    "size_usd": 1599.66857,
    "size": 1599.66857,
    "outcome": "Yes",
    "side": "Yes",
    "price": 0.006251294916671395
  },
  {
    "timestamp": 1772515279,
    "market_id": "0x9d253412618643f1a7998374c841465e6582cf853228570df48eab09c3bc7f10",
    "market_label": "Will Hillary say \"President\" 5+ times during her Epstein testimony?",
    "wallet": "0x41420af294272cb5286a3563b12cced035a679e6",
    "size_usd": 1536.07,
    "size": 1536.07,
    "outcome": "No",
    "side": "No",
    "price": 0.0015902595584836629
  },
  {
    "timestamp": 1772513995,
    "market_id": "0x9d253412618643f1a7998374c841465e6582cf853228570df48eab09c3bc7f10",
    "market_label": "Will Hillary say \"President\" 5+ times during her Epstein testimony?",
    "wallet": "0x41420af294272cb5286a3563b12cced035a679e6",
    "size_usd": 1536.07,
    "size": 1536.07,
    "outcome": "Yes",
    "side": "Yes",
    "price": 0.006510119981511259
  },
  {
    "timestamp": 1772503555,
    "market_id": "0x9d253412618643f1a7998374c841465e6582cf853228570df48eab09c3bc7f10",
    "market_label": "Will Hillary say \"President\" 5+ times during her Epstein testimony?",
    "wallet": "0xfc0d6d36f144317d1c220115ae97cb55ac048475",
    "size_usd": 1420.823927,
    "size": 1420.823927,
    "outcome": "Yes",
    "side": "Yes",
    "price": 0.021114508581892708
  },
  {
    "timestamp": 1772127112,
    "market_id": "0x39b1997494b2e001ec1459e601732ded33809b609b396e902dca392f8ea82358",
    "market_label": "Will CDU win the second most seats in the 2026 Baden-W\u00fcrttemberg parliamentary elections?",
    "wallet": "0x4d0121458bb2f96c6440c0f3835d675ad3ce1645",
    "size_usd": 1275.5,
    "size": 1275.5,
    "outcome": "Yes",
    "side": "Yes",
    "price": 0.10348371618972951
  },
  {
    "timestamp": 1772477793,
    "market_id": "0x100207711a0d1ede324bf62d3ba060e2e222cdd58eb480a3b36a22fae0348113",
    "market_label": "Will Venezuelan crude oil production reach 1.1m barrels per day in 2026?",
    "wallet": "0x8a554ec10e6fd05bba36215d17398e57d53e5126",
    "size_usd": 1325.862137,
    "size": 1325.862137,
    "outcome": "Yes",
    "side": "Yes",
    "price": 0.7542262254073253
  },
  {
    "timestamp": 1771598686,
    "market_id": "0x100207711a0d1ede324bf62d3ba060e2e222cdd58eb480a3b36a22fae0348113",
    "market_label": "Will Venezuelan crude oil production reach 1.1m barrels per day in 2026?",
    "wallet": "0xfcf2378f20cf408d077c21e731272f21cccea469",
    "size_usd": 1096.63,
    "size": 1096.63,
    "outcome": "No",
    "side": "No",
    "price": 0.7109134347956922
  },
  {
    "timestamp": 1772525201,
    "market_id": "0x2e0d80637f24684901111de46e3598eba915c40b5c09bc86f0716b085a23b7bc",
    "market_label": "Jos\u00e9 Lu\u00eds Rodr\u00edguez Zapatero arrested by March 31?",
    "wallet": "0x698dadd88b64a4747ca95c6d6a537ef671b14a31",
    "size_usd": 1248.34925,
    "size": 1248.34925,
    "outcome": "Yes",
    "side": "Yes",
    "price": 0.03648017572005591
  },
  {
    "timestamp": 1772310031,
    "market_id": "0x2e0d80637f24684901111de46e3598eba915c40b5c09bc86f0716b085a23b7bc",
    "market_label": "Jos\u00e9 Lu\u00eds Rodr\u00edguez Zapatero arrested by March 31?",
    "wallet": "0x9feb49dd8c509e1473b2fc6a566c1bb2e7948bdf",
    "size_usd": 1253.84975,
    "size": 1253.84975,
    "outcome": "Yes",
    "side": "Yes",
    "price": 0.03987718624181247
  },
  {
    "timestamp": 1772183385,
    "market_id": "0x2e0d80637f24684901111de46e3598eba915c40b5c09bc86f0716b085a23b7bc",
    "market_label": "Jos\u00e9 Lu\u00eds Rodr\u00edguez Zapatero arrested by March 31?",
    "wallet": "0x698dadd88b64a4747ca95c6d6a537ef671b14a31",
    "size_usd": 1435.023075,
    "size": 1435.023075,
    "outcome": "Yes",
    "side": "Yes",
    "price": 0.03287055087946931
  },
  {
    "timestamp": 1772034352,
    "market_id": "0x2e0d80637f24684901111de46e3598eba915c40b5c09bc86f0716b085a23b7bc",
    "market_label": "Jos\u00e9 Lu\u00eds Rodr\u00edguez Zapatero arrested by March 31?",
    "wallet": "0xf6950936ef440ba3b37bd40ce8b323b450800a19",
    "size_usd": 2581.708727,
    "size": 2581.708727,
    "outcome": "Yes",
    "side": "Yes",
    "price": 0.9815088334711277
  },
  {
    "timestamp": 1771543982,
    "market_id": "0x2e0d80637f24684901111de46e3598eba915c40b5c09bc86f0716b085a23b7bc",
    "market_label": "Jos\u00e9 Lu\u00eds Rodr\u00edguez Zapatero arrested by March 31?",
    "wallet": "0x49b60d2cda22653ddc8b6ef21bad6d012a7f170c",
    "size_usd": 1109.35,
    "size": 1109.35,
    "outcome": "Yes",
    "side": "Yes",
    "price": 0.9649541803758958
  },
  {
    "timestamp": 1772369749,
    "market_id": "0x6bc2c22c0200475f44030c497e48617311d87c299d8c65d039897a912ebc05b2",
    "market_label": "Labour leadership election scheduled by June 30?",
    "wallet": "0x3bb9c7b1bca00d5002b1e0ffc6091fddb663f08b",
    "size_usd": 3876.52,
    "size": 3876.52,
    "outcome": "Yes",
    "side": "Yes",
    "price": 0.6191525130787408
  },
  {
    "timestamp": 1772286591,
    "market_id": "0x6bc2c22c0200475f44030c497e48617311d87c299d8c65d039897a912ebc05b2",
    "market_label": "Labour leadership election scheduled by June 30?",
    "wallet": "0x7ad9e5a30eae94111bb57b23a2817b1ed4b0d5b0",
    "size_usd": 1056.75,
    "size": 1056.75,
    "outcome": "Yes",
    "side": "Yes",
    "price": 0.89
  },
  {
    "timestamp": 1772267557,
    "market_id": "0x6bc2c22c0200475f44030c497e48617311d87c299d8c65d039897a912ebc05b2",
    "market_label": "Labour leadership election scheduled by June 30?",
    "wallet": "0x7ad9e5a30eae94111bb57b23a2817b1ed4b0d5b0",
    "size_usd": 2821.21,
    "size": 2821.21,
    "outcome": "Yes",
    "side": "Yes",
    "price": 0.8898077775139036
  },
  {
    "timestamp": 1772690059,
    "market_id": "0x581b89584c51775728aff95321cffb617ffc478c1c922f60d4bd0dc8b1d5ea56",
    "market_label": "Will the highest temperature in New York City be 35\u00b0F or below on March 5?",
    "wallet": "0x15ceffed7bf820cd2d90f90ea24ae9909f5cd5fa",
    "size_usd": 1338.0,
    "size": 1338.0,
    "outcome": "Yes",
    "side": "Yes",
    "price": 0.999
  },
  {
    "timestamp": 1772690059,
    "market_id": "0x581b89584c51775728aff95321cffb617ffc478c1c922f60d4bd0dc8b1d5ea56",
    "market_label": "Will the highest temperature in New York City be 35\u00b0F or below on March 5?",
    "wallet": "0x15ceffed7bf820cd2d90f90ea24ae9909f5cd5fa",
    "size_usd": 2552.0,
    "size": 2552.0,
    "outcome": "Yes",
    "side": "Yes",
    "price": 0.9986615634796239
  },
  {
    "timestamp": 1772690059,
    "market_id": "0x581b89584c51775728aff95321cffb617ffc478c1c922f60d4bd0dc8b1d5ea56",
    "market_label": "Will the highest temperature in New York City be 35\u00b0F or below on March 5?",
    "wallet": "0xd28021317c1be36239e8d930dee7d6c3a40082b3",
    "size_usd": 2999.31,
    "size": 2999.31,
    "outcome": "Yes",
    "side": "Yes",
    "price": 0.999
  },
  {
    "timestamp": 1772688131,
    "market_id": "0x581b89584c51775728aff95321cffb617ffc478c1c922f60d4bd0dc8b1d5ea56",
    "market_label": "Will the highest temperature in New York City be 35\u00b0F or below on March 5?",
    "wallet": "0x57dedd62596dd4f85c7ebe5317e07d22795ecd90",
    "size_usd": 3400.0,
    "size": 3400.0,
    "outcome": "Yes",
    "side": "Yes",
    "price": 0.9989811764705883
  },
  {
    "timestamp": 1772652451,
    "market_id": "0x581b89584c51775728aff95321cffb617ffc478c1c922f60d4bd0dc8b1d5ea56",
    "market_label": "Will the highest temperature in New York City be 35\u00b0F or below on March 5?",
    "wallet": "0xbe9fb4a30a9b312114eaa879b3aeceb343713fb6",
    "size_usd": 1000.0,
    "size": 1000.0,
    "outcome": "No",
    "side": "No",
    "price": 0.001
  },
  {
    "timestamp": 1772377271,
    "market_id": "0x36c96c0ab499fdfee12158a86798c7b3b54f91b55a6be2b2c8c1be3a269946dd",
    "market_label": "Will DeepSeek have the top AI model at the end of March 2026?",
    "wallet": "0xa16354193f1f166db6cc24d932d8b091296ade8d",
    "size_usd": 1137.0,
    "size": 1137.0,
    "outcome": "Yes",
    "side": "Yes",
    "price": 0.9692418645558487
  },
  {
    "timestamp": 1772682917,
    "market_id": "0xc4f375f30261857e3469d9426ed1b8cb29ea846d17ee63d6f9a61ce63ff49292",
    "market_label": "Will Elon Musk post 220-239 tweets from March 3 to March 10, 2026?",
    "wallet": "0x5a45565906b8478fe456a0d313ce8839b3e7f628",
    "size_usd": 1462.72,
    "size": 1462.72,
    "outcome": "Yes",
    "side": "Yes",
    "price": 0.11996924907022534
  },
  {
    "timestamp": 1772676121,
    "market_id": "0xc4f375f30261857e3469d9426ed1b8cb29ea846d17ee63d6f9a61ce63ff49292",
    "market_label": "Will Elon Musk post 220-239 tweets from March 3 to March 10, 2026?",
    "wallet": "0x6eb623472c9d1da7e722192cae35195f0b9919be",
    "size_usd": 1695.127665,
    "size": 1695.127665,
    "outcome": "Yes",
    "side": "Yes",
    "price": 0.11798521322581329
  },
  {
    "timestamp": 1772642641,
    "market_id": "0xc4f375f30261857e3469d9426ed1b8cb29ea846d17ee63d6f9a61ce63ff49292",
    "market_label": "Will Elon Musk post 220-239 tweets from March 3 to March 10, 2026?",
    "wallet": "0x2e6a5bfeb76cb28df7d8d8601c8d2ef96e4e7155",
    "size_usd": 1188.767443,
    "size": 1188.767443,
    "outcome": "Yes",
    "side": "Yes",
    "price": 0.08412074168824625
  },
  {
    "timestamp": 1772609747,
    "market_id": "0xc4f375f30261857e3469d9426ed1b8cb29ea846d17ee63d6f9a61ce63ff49292",
    "market_label": "Will Elon Musk post 220-239 tweets from March 3 to March 10, 2026?",
    "wallet": "0xcb8c144d8d36f9a05c9eec039b165a45018d69b1",
    "size_usd": 1612.66,
    "size": 1612.66,
    "outcome": "No",
    "side": "No",
    "price": 0.0716401163295425
  },
  {
    "timestamp": 1772579525,
    "market_id": "0xc4f375f30261857e3469d9426ed1b8cb29ea846d17ee63d6f9a61ce63ff49292",
    "market_label": "Will Elon Musk post 220-239 tweets from March 3 to March 10, 2026?",
    "wallet": "0x4f7e91275fcaf67373abc83a6b4621946de659d2",
    "size_usd": 1405.48,
    "size": 1405.48,
    "outcome": "No",
    "side": "No",
    "price": 0.0905998662378689
  },
  {
    "timestamp": 1772576693,
    "market_id": "0xc4f375f30261857e3469d9426ed1b8cb29ea846d17ee63d6f9a61ce63ff49292",
    "market_label": "Will Elon Musk post 220-239 tweets from March 3 to March 10, 2026?",
    "wallet": "0xf5160cc161bd602c817352281651675738b61ea1",
    "size_usd": 1000.0,
    "size": 1000.0,
    "outcome": "No",
    "side": "No",
    "price": 0.10024
  },
  {
    "timestamp": 1772167848,
    "market_id": "0xc02a6a54caaa193d06b1d9eb01af23e082133cdfc9892885c69831edd26cb2e9",
    "market_label": "Will Russia enter Vozdvyzhivka by March 31?",
    "wallet": "0x74bf179c9ae963857b37ba7b0c22b7a2e3872a6e",
    "size_usd": 1220.43,
    "size": 1220.43,
    "outcome": "Yes",
    "side": "Yes",
    "price": 0.72
  },
  {
    "timestamp": 1771850086,
    "market_id": "0xc02a6a54caaa193d06b1d9eb01af23e082133cdfc9892885c69831edd26cb2e9",
    "market_label": "Will Russia enter Vozdvyzhivka by March 31?",
    "wallet": "0x8f69269039b9a401de28a38c2f1c3001364b7df1",
    "size_usd": 1262.6,
    "size": 1262.6,
    "outcome": "Yes",
    "side": "Yes",
    "price": 0.6852729288769206
  },
  {
    "timestamp": 1772680523,
    "market_id": "0x5a50b19d1e20072ff36ec4ca6801fed3acd0b1d1e3e607211104a1237b129efb",
    "market_label": "Will Iran strike Israel on March 3?",
    "wallet": "0x037b0a310066a10cd62f45de8696503ad4d147f4",
    "size_usd": 1766.666665,
    "size": 1766.666665,
    "outcome": "Yes",
    "side": "Yes",
    "price": 0.0028301886819152725
  },
  {
    "timestamp": 1772675729,
    "market_id": "0x5a50b19d1e20072ff36ec4ca6801fed3acd0b1d1e3e607211104a1237b129efb",
    "market_label": "Will Iran strike Israel on March 3?",
    "wallet": "0xf07549bf6177b85f5bf1fe3380f14c77e972ea0e",
    "size_usd": 3333.333332,
    "size": 3333.333332,
    "outcome": "Yes",
    "side": "Yes",
    "price": 0.0030000000012
  },
  {
    "timestamp": 1772670425,
    "market_id": "0x5a50b19d1e20072ff36ec4ca6801fed3acd0b1d1e3e607211104a1237b129efb",
    "market_label": "Will Iran strike Israel on March 3?",
    "wallet": "0x63e30d708e4f5ad12581730e5fbaf0e53646f341",
    "size_usd": 6666.666665,
    "size": 6666.666665,
    "outcome": "Yes",
    "side": "Yes",
    "price": 0.00300000000075
  },
  {
    "timestamp": 1772670333,
    "market_id": "0x5a50b19d1e20072ff36ec4ca6801fed3acd0b1d1e3e607211104a1237b129efb",
    "market_label": "Will Iran strike Israel on March 3?",
    "wallet": "0x95074f700f93bdf6e62fc965e0832064c0877b04",
    "size_usd": 1300.0,
    "size": 1300.0,
    "outcome": "Yes",
    "side": "Yes",
    "price": 0.998
  },
  {
    "timestamp": 1772670071,
    "market_id": "0x5a50b19d1e20072ff36ec4ca6801fed3acd0b1d1e3e607211104a1237b129efb",
    "market_label": "Will Iran strike Israel on March 3?",
    "wallet": "0x95074f700f93bdf6e62fc965e0832064c0877b04",
    "size_usd": 1400.0,
    "size": 1400.0,
    "outcome": "Yes",
    "side": "Yes",
    "price": 0.998
  },
  {
    "timestamp": 1772669475,
    "market_id": "0x5a50b19d1e20072ff36ec4ca6801fed3acd0b1d1e3e607211104a1237b129efb",
    "market_label": "Will Iran strike Israel on March 3?",
    "wallet": "0xaf2383b66194112d57ac196b00ab25f78c17aa95",
    "size_usd": 2701.5,
    "size": 2701.5,
    "outcome": "No",
    "side": "No",
    "price": 0.997
  },
  {
    "timestamp": 1772668267,
    "market_id": "0x5a50b19d1e20072ff36ec4ca6801fed3acd0b1d1e3e607211104a1237b129efb",
    "market_label": "Will Iran strike Israel on March 3?",
    "wallet": "0xc118b25cfed0d1e961c09c738b13b8f521259410",
    "size_usd": 5000.0,
    "size": 5000.0,
    "outcome": "Yes",
    "side": "Yes",
    "price": 0.003
  },
  {
    "timestamp": 1772666287,
    "market_id": "0x5a50b19d1e20072ff36ec4ca6801fed3acd0b1d1e3e607211104a1237b129efb",
    "market_label": "Will Iran strike Israel on March 3?",
    "wallet": "0xee6712ea09d6a9c86793bb6dde10ea59040e67a6",
    "size_usd": 3360.0,
    "size": 3360.0,
    "outcome": "No",
    "side": "No",
    "price": 0.002
  },
  {
    "timestamp": 1772664925,
    "market_id": "0x5a50b19d1e20072ff36ec4ca6801fed3acd0b1d1e3e607211104a1237b129efb",
    "market_label": "Will Iran strike Israel on March 3?",
    "wallet": "0xd94461839e3befc3804afe962fcef717855c5651",
    "size_usd": 1000.0,
    "size": 1000.0,
    "outcome": "Yes",
    "side": "Yes",
    "price": 0.003
  },
  {
    "timestamp": 1772664327,
    "market_id": "0x5a50b19d1e20072ff36ec4ca6801fed3acd0b1d1e3e607211104a1237b129efb",
    "market_label": "Will Iran strike Israel on March 3?",
    "wallet": "0x652b0dcc5a6e850068efa341655d17257486e21f",
    "size_usd": 1000.0,
    "size": 1000.0,
    "outcome": "Yes",
    "side": "Yes",
    "price": 0.003
  },
  {
    "timestamp": 1772664315,
    "market_id": "0x5a50b19d1e20072ff36ec4ca6801fed3acd0b1d1e3e607211104a1237b129efb",
    "market_label": "Will Iran strike Israel on March 3?",
    "wallet": "0x652b0dcc5a6e850068efa341655d17257486e21f",
    "size_usd": 1000.0,
    "size": 1000.0,
    "outcome": "Yes",
    "side": "Yes",
    "price": 0.003
  },
  {
    "timestamp": 1772658965,
    "market_id": "0x5a50b19d1e20072ff36ec4ca6801fed3acd0b1d1e3e607211104a1237b129efb",
    "market_label": "Will Iran strike Israel on March 3?",
    "wallet": "0x53e55bc7cb3d67ad177c023ce891ad076a9d6177",
    "size_usd": 22516.68,
    "size": 22516.68,
    "outcome": "Yes",
    "side": "Yes",
    "price": 0.9976311796410483
  },
  {
    "timestamp": 1772658217,
    "market_id": "0x5a50b19d1e20072ff36ec4ca6801fed3acd0b1d1e3e607211104a1237b129efb",
    "market_label": "Will Iran strike Israel on March 3?",
    "wallet": "0xf6a49e3df2e96e04366c0f31b4cbdb59d4d19898",
    "size_usd": 5658.63,
    "size": 5658.63,
    "outcome": "Yes",
    "side": "Yes",
    "price": 0.996
  },
  {
    "timestamp": 1772658131,
    "market_id": "0x5a50b19d1e20072ff36ec4ca6801fed3acd0b1d1e3e607211104a1237b129efb",
    "market_label": "Will Iran strike Israel on March 3?",
    "wallet": "0x9f92c092d92bf12bae1c5ce693181ca87f5d1df6",
    "size_usd": 2722.89,
    "size": 2722.89,
    "outcome": "Yes",
    "side": "Yes",
    "price": 0.996
  },
  {
    "timestamp": 1772657995,
    "market_id": "0x5a50b19d1e20072ff36ec4ca6801fed3acd0b1d1e3e607211104a1237b129efb",
    "market_label": "Will Iran strike Israel on March 3?",
    "wallet": "0x34997a2049082aa6391b00576c4935bd1f722858",
    "size_usd": 3232.93,
    "size": 3232.93,
    "outcome": "Yes",
    "side": "Yes",
    "price": 0.996
  },
  {
    "timestamp": 1772657701,
    "market_id": "0x5a50b19d1e20072ff36ec4ca6801fed3acd0b1d1e3e607211104a1237b129efb",
    "market_label": "Will Iran strike Israel on March 3?",
    "wallet": "0xf2ab1d55462e3417a4c6e91affbe787d9c3a97a4",
    "size_usd": 1000.0,
    "size": 1000.0,
    "outcome": "Yes",
    "side": "Yes",
    "price": 0.996
  },
  {
    "timestamp": 1772656137,
    "market_id": "0x5a50b19d1e20072ff36ec4ca6801fed3acd0b1d1e3e607211104a1237b129efb",
    "market_label": "Will Iran strike Israel on March 3?",
    "wallet": "0xafa9e2b50da875e5030eed7ffc479b918671eac5",
    "size_usd": 1667.5,
    "size": 1667.5,
    "outcome": "Yes",
    "side": "Yes",
    "price": 0.005997001499250375
  },
  {
    "timestamp": 1772655887,
    "market_id": "0x5a50b19d1e20072ff36ec4ca6801fed3acd0b1d1e3e607211104a1237b129efb",
    "market_label": "Will Iran strike Israel on March 3?",
    "wallet": "0x0d05b729b369f742a3b47b1312de4424ad396a81",
    "size_usd": 1773.62,
    "size": 1773.62,
    "outcome": "No",
    "side": "No",
    "price": 0.004
  },
  {
    "timestamp": 1772655455,
    "market_id": "0x5a50b19d1e20072ff36ec4ca6801fed3acd0b1d1e3e607211104a1237b129efb",
    "market_label": "Will Iran strike Israel on March 3?",
    "wallet": "0x34997a2049082aa6391b00576c4935bd1f722858",
    "size_usd": 3360.0,
    "size": 3360.0,
    "outcome": "Yes",
    "side": "Yes",
    "price": 0.995
  },
  {
    "timestamp": 1772654999,
    "market_id": "0x5a50b19d1e20072ff36ec4ca6801fed3acd0b1d1e3e607211104a1237b129efb",
    "market_label": "Will Iran strike Israel on March 3?",
    "wallet": "0x9a967596405ac979e812d5037215a8c1fc13c691",
    "size_usd": 1919.0,
    "size": 1919.0,
    "outcome": "No",
    "side": "No",
    "price": 0.004
  },
  {
    "timestamp": 1772654935,
    "market_id": "0x5a50b19d1e20072ff36ec4ca6801fed3acd0b1d1e3e607211104a1237b129efb",
    "market_label": "Will Iran strike Israel on March 3?",
    "wallet": "0x4d0e9b029700163625c551a0073636f3dc5ec45b",
    "size_usd": 1919.0,
    "size": 1919.0,
    "outcome": "Yes",
    "side": "Yes",
    "price": 0.995
  },
  {
    "timestamp": 1772654843,
    "market_id": "0x5a50b19d1e20072ff36ec4ca6801fed3acd0b1d1e3e607211104a1237b129efb",
    "market_label": "Will Iran strike Israel on March 3?",
    "wallet": "0x34997a2049082aa6391b00576c4935bd1f722858",
    "size_usd": 3765.59,
    "size": 3765.59,
    "outcome": "Yes",
    "side": "Yes",
    "price": 0.994
  },
  {
    "timestamp": 1772653857,
    "market_id": "0x5a50b19d1e20072ff36ec4ca6801fed3acd0b1d1e3e607211104a1237b129efb",
    "market_label": "Will Iran strike Israel on March 3?",
    "wallet": "0xd9c971629065bfd897db637070f1fd1bd4787e10",
    "size_usd": 3000.0,
    "size": 3000.0,
    "outcome": "Yes",
    "side": "Yes",
    "price": 0.008
  },
  {
    "timestamp": 1772653673,
    "market_id": "0x5a50b19d1e20072ff36ec4ca6801fed3acd0b1d1e3e607211104a1237b129efb",
    "market_label": "Will Iran strike Israel on March 3?",
    "wallet": "0xe336f1bf3d8cfd617bc8696b7f99fff0ebb86fcb",
    "size_usd": 3580.983,
    "size": 3580.983,
    "outcome": "Yes",
    "side": "Yes",
    "price": 0.009215346735798522
  },
  {
    "timestamp": 1772653611,
    "market_id": "0x5a50b19d1e20072ff36ec4ca6801fed3acd0b1d1e3e607211104a1237b129efb",
    "market_label": "Will Iran strike Israel on March 3?",
    "wallet": "0x72a5875e8e0c89acbeeab77112bc5e4a72fd160b",
    "size_usd": 1111.11111,
    "size": 1111.11111,
    "outcome": "Yes",
    "side": "Yes",
    "price": 0.009000000009
  },
  {
    "timestamp": 1772653519,
    "market_id": "0x5a50b19d1e20072ff36ec4ca6801fed3acd0b1d1e3e607211104a1237b129efb",
    "market_label": "Will Iran strike Israel on March 3?",
    "wallet": "0x54d2c3e6a2a2d71e69df8edff0de7e11a4879ddc",
    "size_usd": 1634.17,
    "size": 1634.17,
    "outcome": "Yes",
    "side": "Yes",
    "price": 0.9948776137121597
  },
  {
    "timestamp": 1772653465,
    "market_id": "0x5a50b19d1e20072ff36ec4ca6801fed3acd0b1d1e3e607211104a1237b129efb",
    "market_label": "Will Iran strike Israel on March 3?",
    "wallet": "0x53c1c6e61b00fca88f3cb8be4e5b5057e9279936",
    "size_usd": 1566.83,
    "size": 1566.83,
    "outcome": "Yes",
    "side": "Yes",
    "price": 0.995
  },
  {
    "timestamp": 1772653317,
    "market_id": "0x5a50b19d1e20072ff36ec4ca6801fed3acd0b1d1e3e607211104a1237b129efb",
    "market_label": "Will Iran strike Israel on March 3?",
    "wallet": "0xfb23c17a781f675c6e078429621791e70d39a6e3",
    "size_usd": 1556.78,
    "size": 1556.78,
    "outcome": "Yes",
    "side": "Yes",
    "price": 0.9947477999460425
  },
  {
    "timestamp": 1772653269,
    "market_id": "0x5a50b19d1e20072ff36ec4ca6801fed3acd0b1d1e3e607211104a1237b129efb",
    "market_label": "Will Iran strike Israel on March 3?",
    "wallet": "0x5f502e9b5eee56257ed68c0aa6eab15fe6dc131b",
    "size_usd": 1517.1,
    "size": 1517.1,
    "outcome": "Yes",
    "side": "Yes",
    "price": 0.993993322786896
  },
  {
    "timestamp": 1772653207,
    "market_id": "0x5a50b19d1e20072ff36ec4ca6801fed3acd0b1d1e3e607211104a1237b129efb",
    "market_label": "Will Iran strike Israel on March 3?",
    "wallet": "0x316cf855e78e2a2914f35fef5454340c5626dd80",
    "size_usd": 1408.45,
    "size": 1408.45,
    "outcome": "Yes",
    "side": "Yes",
    "price": 0.9939885831942916
  },
  {
    "timestamp": 1772653099,
    "market_id": "0x5a50b19d1e20072ff36ec4ca6801fed3acd0b1d1e3e607211104a1237b129efb",
    "market_label": "Will Iran strike Israel on March 3?",
    "wallet": "0xe336f1bf3d8cfd617bc8696b7f99fff0ebb86fcb",
    "size_usd": 2926.24,
    "size": 2926.24,
    "outcome": "Yes",
    "side": "Yes",
    "price": 0.011277270490458745
  },
  {
    "timestamp": 1772652849,
    "market_id": "0x5a50b19d1e20072ff36ec4ca6801fed3acd0b1d1e3e607211104a1237b129efb",
    "market_label": "Will Iran strike Israel on March 3?",
    "wallet": "0xd45f24753ed3da95e02ab03340d5c018a85ad760",
    "size_usd": 1832.5,
    "size": 1832.5,
    "outcome": "Yes",
    "side": "Yes",
    "price": 0.012
  },
  {
    "timestamp": 1772652629,
    "market_id": "0x5a50b19d1e20072ff36ec4ca6801fed3acd0b1d1e3e607211104a1237b129efb",
    "market_label": "Will Iran strike Israel on March 3?",
    "wallet": "0xd9c971629065bfd897db637070f1fd1bd4787e10",
    "size_usd": 2065.73,
    "size": 2065.73,
    "outcome": "Yes",
    "side": "Yes",
    "price": 0.012
  },
  {
    "timestamp": 1772652613,
    "market_id": "0x5a50b19d1e20072ff36ec4ca6801fed3acd0b1d1e3e607211104a1237b129efb",
    "market_label": "Will Iran strike Israel on March 3?",
    "wallet": "0x6be7d2538fa36f674bb4a9f14e37f82805e76312",
    "size_usd": 1667.916665,
    "size": 1667.916665,
    "outcome": "Yes",
    "side": "Yes",
    "price": 0.011991006756923314
  },
  {
    "timestamp": 1772652591,
    "market_id": "0x5a50b19d1e20072ff36ec4ca6801fed3acd0b1d1e3e607211104a1237b129efb",
    "market_label": "Will Iran strike Israel on March 3?",
    "wallet": "0xe9865ef9e322b399444c392e69424ced4ce76e1c",
    "size_usd": 1519.16,
    "size": 1519.16,
    "outcome": "Yes",
    "side": "Yes",
    "price": 0.9916858461254904
  },
  {
    "timestamp": 1772652555,
    "market_id": "0x5a50b19d1e20072ff36ec4ca6801fed3acd0b1d1e3e607211104a1237b129efb",
    "market_label": "Will Iran strike Israel on March 3?",
    "wallet": "0x162f03532838f803a3845b70818926c940719309",
    "size_usd": 1666.666665,
    "size": 1666.666665,
    "outcome": "Yes",
    "side": "Yes",
    "price": 0.012000000012
  },
  {
    "timestamp": 1772652201,
    "market_id": "0x5a50b19d1e20072ff36ec4ca6801fed3acd0b1d1e3e607211104a1237b129efb",
    "market_label": "Will Iran strike Israel on March 3?",
    "wallet": "0xe56a0e83ae1e7b9414731df9ff8797d34e1d3b48",
    "size_usd": 4083.333332,
    "size": 4083.333332,
    "outcome": "Yes",
    "side": "Yes",
    "price": 0.012000000003918368
  },
  {
    "timestamp": 1772651923,
    "market_id": "0x5a50b19d1e20072ff36ec4ca6801fed3acd0b1d1e3e607211104a1237b129efb",
    "market_label": "Will Iran strike Israel on March 3?",
    "wallet": "0x7dcf38a659dba477c64dfa034986c1607f126df6",
    "size_usd": 4163.333332,
    "size": 4163.333332,
    "outcome": "Yes",
    "side": "Yes",
    "price": 0.012000000003843074
  },
  {
    "timestamp": 1772651847,
    "market_id": "0x5a50b19d1e20072ff36ec4ca6801fed3acd0b1d1e3e607211104a1237b129efb",
    "market_label": "Will Iran strike Israel on March 3?",
    "wallet": "0xd45f24753ed3da95e02ab03340d5c018a85ad760",
    "size_usd": 1250.0,
    "size": 1250.0,
    "outcome": "Yes",
    "side": "Yes",
    "price": 0.012
  },
  {
    "timestamp": 1772651787,
    "market_id": "0x5a50b19d1e20072ff36ec4ca6801fed3acd0b1d1e3e607211104a1237b129efb",
    "market_label": "Will Iran strike Israel on March 3?",
    "wallet": "0x720a57d0b33bda7c1aeeb7e1272d65986c89f0c5",
    "size_usd": 8500.0,
    "size": 8500.0,
    "outcome": "Yes",
    "side": "Yes",
    "price": 0.011764705882352941
  },
  {
    "timestamp": 1772651247,
    "market_id": "0x5a50b19d1e20072ff36ec4ca6801fed3acd0b1d1e3e607211104a1237b129efb",
    "market_label": "Will Iran strike Israel on March 3?",
    "wallet": "0x576b6bc6fee902ba4682f8d569ce3c26879b6257",
    "size_usd": 1000.0,
    "size": 1000.0,
    "outcome": "Yes",
    "side": "Yes",
    "price": 0.012
  },
  {
    "timestamp": 1772651009,
    "market_id": "0x5a50b19d1e20072ff36ec4ca6801fed3acd0b1d1e3e607211104a1237b129efb",
    "market_label": "Will Iran strike Israel on March 3?",
    "wallet": "0xe336f1bf3d8cfd617bc8696b7f99fff0ebb86fcb",
    "size_usd": 1358.333332,
    "size": 1358.333332,
    "outcome": "Yes",
    "side": "Yes",
    "price": 0.01200000001177914
  },
  {
    "timestamp": 1772650953,
    "market_id": "0x5a50b19d1e20072ff36ec4ca6801fed3acd0b1d1e3e607211104a1237b129efb",
    "market_label": "Will Iran strike Israel on March 3?",
    "wallet": "0xf95295ba1a5d478ba0481c0874e4b0ae267c767d",
    "size_usd": 1666.666665,
    "size": 1666.666665,
    "outcome": "Yes",
    "side": "Yes",
    "price": 0.012000000012
  },
  {
    "timestamp": 1772649385,
    "market_id": "0x5a50b19d1e20072ff36ec4ca6801fed3acd0b1d1e3e607211104a1237b129efb",
    "market_label": "Will Iran strike Israel on March 3?",
    "wallet": "0xf95295ba1a5d478ba0481c0874e4b0ae267c767d",
    "size_usd": 2055.033332,
    "size": 2055.033332,
    "outcome": "Yes",
    "side": "Yes",
    "price": 0.009829524263891599
  },
  {
    "timestamp": 1772646031,
    "market_id": "0x5a50b19d1e20072ff36ec4ca6801fed3acd0b1d1e3e607211104a1237b129efb",
    "market_label": "Will Iran strike Israel on March 3?",
    "wallet": "0xb8fe807aa951e35af53fd0fee36abc303864ce76",
    "size_usd": 1648.0,
    "size": 1648.0,
    "outcome": "Yes",
    "side": "Yes",
    "price": 0.005
  },
  {
    "timestamp": 1772645723,
    "market_id": "0x5a50b19d1e20072ff36ec4ca6801fed3acd0b1d1e3e607211104a1237b129efb",
    "market_label": "Will Iran strike Israel on March 3?",
    "wallet": "0x91b41df915a59ff1e084505149c071322e3bc075",
    "size_usd": 1000.0,
    "size": 1000.0,
    "outcome": "No",
    "side": "No",
    "price": 0.004
  },
  {
    "timestamp": 1772644897,
    "market_id": "0x5a50b19d1e20072ff36ec4ca6801fed3acd0b1d1e3e607211104a1237b129efb",
    "market_label": "Will Iran strike Israel on March 3?",
    "wallet": "0xc649b711540e2be8384bb72a0eb0e462b2ab2425",
    "size_usd": 6000.0,
    "size": 6000.0,
    "outcome": "Yes",
    "side": "Yes",
    "price": 0.005
  },
  {
    "timestamp": 1772643535,
    "market_id": "0x5a50b19d1e20072ff36ec4ca6801fed3acd0b1d1e3e607211104a1237b129efb",
    "market_label": "Will Iran strike Israel on March 3?",
    "wallet": "0x037b0a310066a10cd62f45de8696503ad4d147f4",
    "size_usd": 2000.0,
    "size": 2000.0,
    "outcome": "Yes",
    "side": "Yes",
    "price": 0.005
  },
  {
    "timestamp": 1772640801,
    "market_id": "0x5a50b19d1e20072ff36ec4ca6801fed3acd0b1d1e3e607211104a1237b129efb",
    "market_label": "Will Iran strike Israel on March 3?",
    "wallet": "0xae82771bb18bc72f8cee0a09abc7145857cefa18",
    "size_usd": 1000.0,
    "size": 1000.0,
    "outcome": "Yes",
    "side": "Yes",
    "price": 0.005
  },
  {
    "timestamp": 1772639915,
    "market_id": "0x5a50b19d1e20072ff36ec4ca6801fed3acd0b1d1e3e607211104a1237b129efb",
    "market_label": "Will Iran strike Israel on March 3?",
    "wallet": "0x91b41df915a59ff1e084505149c071322e3bc075",
    "size_usd": 1000.0,
    "size": 1000.0,
    "outcome": "Yes",
    "side": "Yes",
    "price": 0.005
  },
  {
    "timestamp": 1772637713,
    "market_id": "0x5a50b19d1e20072ff36ec4ca6801fed3acd0b1d1e3e607211104a1237b129efb",
    "market_label": "Will Iran strike Israel on March 3?",
    "wallet": "0x79d4baa7ae8542bb617bc673f0ac2101db986d24",
    "size_usd": 12015.64,
    "size": 12015.64,
    "outcome": "No",
    "side": "No",
    "price": 0.9952861279132863
  },
  {
    "timestamp": 1772635751,
    "market_id": "0x5a50b19d1e20072ff36ec4ca6801fed3acd0b1d1e3e607211104a1237b129efb",
    "market_label": "Will Iran strike Israel on March 3?",
    "wallet": "0xc118b25cfed0d1e961c09c738b13b8f521259410",
    "size_usd": 1000.0,
    "size": 1000.0,
    "outcome": "Yes",
    "side": "Yes",
    "price": 0.004
  },
  {
    "timestamp": 1772629527,
    "market_id": "0x5a50b19d1e20072ff36ec4ca6801fed3acd0b1d1e3e607211104a1237b129efb",
    "market_label": "Will Iran strike Israel on March 3?",
    "wallet": "0x0d05b729b369f742a3b47b1312de4424ad396a81",
    "size_usd": 1800.0,
    "size": 1800.0,
    "outcome": "No",
    "side": "No",
    "price": 0.004
  },
  {
    "timestamp": 1772626953,
    "market_id": "0x5a50b19d1e20072ff36ec4ca6801fed3acd0b1d1e3e607211104a1237b129efb",
    "market_label": "Will Iran strike Israel on March 3?",
    "wallet": "0xe78b2917a2cbb1ae2e2cbf9e6f7e264d8b79206e",
    "size_usd": 1270.49,
    "size": 1270.49,
    "outcome": "No",
    "side": "No",
    "price": 0.994
  },
  {
    "timestamp": 1772626583,
    "market_id": "0x5a50b19d1e20072ff36ec4ca6801fed3acd0b1d1e3e607211104a1237b129efb",
    "market_label": "Will Iran strike Israel on March 3?",
    "wallet": "0xc8ab97a9089a9ff7e6ef0688e6e591a066946418",
    "size_usd": 16609.06,
    "size": 16609.06,
    "outcome": "Yes",
    "side": "Yes",
    "price": 0.9956544819514169
  },
  {
    "timestamp": 1772625789,
    "market_id": "0x5a50b19d1e20072ff36ec4ca6801fed3acd0b1d1e3e607211104a1237b129efb",
    "market_label": "Will Iran strike Israel on March 3?",
    "wallet": "0xe0744af3751c18ae122624caf0097d80dfa310e2",
    "size_usd": 4054.78,
    "size": 4054.78,
    "outcome": "No",
    "side": "No",
    "price": 0.994
  },
  {
    "timestamp": 1772625341,
    "market_id": "0x5a50b19d1e20072ff36ec4ca6801fed3acd0b1d1e3e607211104a1237b129efb",
    "market_label": "Will Iran strike Israel on March 3?",
    "wallet": "0x95074f700f93bdf6e62fc965e0832064c0877b04",
    "size_usd": 2244.46,
    "size": 2244.46,
    "outcome": "Yes",
    "side": "Yes",
    "price": 0.996
  },
  {
    "timestamp": 1772623259,
    "market_id": "0x5a50b19d1e20072ff36ec4ca6801fed3acd0b1d1e3e607211104a1237b129efb",
    "market_label": "Will Iran strike Israel on March 3?",
    "wallet": "0x720a57d0b33bda7c1aeeb7e1272d65986c89f0c5",
    "size_usd": 5117.612856,
    "size": 5117.612856,
    "outcome": "Yes",
    "side": "Yes",
    "price": 0.00605751174859875
  },
  {
    "timestamp": 1772622693,
    "market_id": "0x5a50b19d1e20072ff36ec4ca6801fed3acd0b1d1e3e607211104a1237b129efb",
    "market_label": "Will Iran strike Israel on March 3?",
    "wallet": "0x576b6bc6fee902ba4682f8d569ce3c26879b6257",
    "size_usd": 1500.0,
    "size": 1500.0,
    "outcome": "Yes",
    "side": "Yes",
    "price": 0.006
  },
  {
    "timestamp": 1772622349,
    "market_id": "0x5a50b19d1e20072ff36ec4ca6801fed3acd0b1d1e3e607211104a1237b129efb",
    "market_label": "Will Iran strike Israel on March 3?",
    "wallet": "0x576b6bc6fee902ba4682f8d569ce3c26879b6257",
    "size_usd": 1428.571427,
    "size": 1428.571427,
    "outcome": "Yes",
    "side": "Yes",
    "price": 0.0070000000077
  },
  {
    "timestamp": 1772620935,
    "market_id": "0x5a50b19d1e20072ff36ec4ca6801fed3acd0b1d1e3e607211104a1237b129efb",
    "market_label": "Will Iran strike Israel on March 3?",
    "wallet": "0x6286dde2c74df7163da5c205f312b91e9389f59c",
    "size_usd": 1229.0,
    "size": 1229.0,
    "outcome": "Yes",
    "side": "Yes",
    "price": 0.007
  },
  {
    "timestamp": 1772620833,
    "market_id": "0x5a50b19d1e20072ff36ec4ca6801fed3acd0b1d1e3e607211104a1237b129efb",
    "market_label": "Will Iran strike Israel on March 3?",
    "wallet": "0xb078f0ea87d4f74aec9f3101286ee0c774370623",
    "size_usd": 1142.857141,
    "size": 1142.857141,
    "outcome": "Yes",
    "side": "Yes",
    "price": 0.007000000011375
  },
  {
    "timestamp": 1772619263,
    "market_id": "0x5a50b19d1e20072ff36ec4ca6801fed3acd0b1d1e3e607211104a1237b129efb",
    "market_label": "Will Iran strike Israel on March 3?",
    "wallet": "0x2791dee9bf80b2d23717098850228463107bbe12",
    "size_usd": 3466.665,
    "size": 3466.665,
    "outcome": "Yes",
    "side": "Yes",
    "price": 0.005769233542900742
  },
  {
    "timestamp": 1772618855,
    "market_id": "0x5a50b19d1e20072ff36ec4ca6801fed3acd0b1d1e3e607211104a1237b129efb",
    "market_label": "Will Iran strike Israel on March 3?",
    "wallet": "0x652b0dcc5a6e850068efa341655d17257486e21f",
    "size_usd": 1666.666666,
    "size": 1666.666666,
    "outcome": "Yes",
    "side": "Yes",
    "price": 0.0060000000024
  },
  {
    "timestamp": 1772615779,
    "market_id": "0x5a50b19d1e20072ff36ec4ca6801fed3acd0b1d1e3e607211104a1237b129efb",
    "market_label": "Will Iran strike Israel on March 3?",
    "wallet": "0x534877bcbaf2d77776f92f3397e31b1f4803aa28",
    "size_usd": 2283.08,
    "size": 2283.08,
    "outcome": "Yes",
    "side": "Yes",
    "price": 0.010196751756399251
  },
  {
    "timestamp": 1772615191,
    "market_id": "0x5a50b19d1e20072ff36ec4ca6801fed3acd0b1d1e3e607211104a1237b129efb",
    "market_label": "Will Iran strike Israel on March 3?",
    "wallet": "0xb63097ba04965edc9a60e42d0a8cc5cf8b94f3e6",
    "size_usd": 1003.0,
    "size": 1003.0,
    "outcome": "Yes",
    "side": "Yes",
    "price": 0.009970089730807577
  },
  {
    "timestamp": 1772614035,
    "market_id": "0x5a50b19d1e20072ff36ec4ca6801fed3acd0b1d1e3e607211104a1237b129efb",
    "market_label": "Will Iran strike Israel on March 3?",
    "wallet": "0xf07549bf6177b85f5bf1fe3380f14c77e972ea0e",
    "size_usd": 1000.0,
    "size": 1000.0,
    "outcome": "Yes",
    "side": "Yes",
    "price": 0.01
  },
  {
    "timestamp": 1772613841,
    "market_id": "0x5a50b19d1e20072ff36ec4ca6801fed3acd0b1d1e3e607211104a1237b129efb",
    "market_label": "Will Iran strike Israel on March 3?",
    "wallet": "0x27d02c82facc9936745d6df37222e2a8645b7943",
    "size_usd": 2565.098333,
    "size": 2565.098333,
    "outcome": "Yes",
    "side": "Yes",
    "price": 0.011695458070378778
  },
  {
    "timestamp": 1772613383,
    "market_id": "0x5a50b19d1e20072ff36ec4ca6801fed3acd0b1d1e3e607211104a1237b129efb",
    "market_label": "Will Iran strike Israel on March 3?",
    "wallet": "0x720a57d0b33bda7c1aeeb7e1272d65986c89f0c5",
    "size_usd": 1170.833333,
    "size": 1170.833333,
    "outcome": "Yes",
    "side": "Yes",
    "price": 0.011957295377069693
  },
  {
    "timestamp": 1772613359,
    "market_id": "0x5a50b19d1e20072ff36ec4ca6801fed3acd0b1d1e3e607211104a1237b129efb",
    "market_label": "Will Iran strike Israel on March 3?",
    "wallet": "0xee67664b7364ad83e8be00942440f7980f3e88df",
    "size_usd": 11562.45,
    "size": 11562.45,
    "outcome": "No",
    "side": "No",
    "price": 0.005052497524313619
  },
  {
    "timestamp": 1772612977,
    "market_id": "0x5a50b19d1e20072ff36ec4ca6801fed3acd0b1d1e3e607211104a1237b129efb",
    "market_label": "Will Iran strike Israel on March 3?",
    "wallet": "0x894c906d09b7c657a16f2ff41fd84908ced703db",
    "size_usd": 2434.44,
    "size": 2434.44,
    "outcome": "No",
    "side": "No",
    "price": 0.988
  },
  {
    "timestamp": 1772610467,
    "market_id": "0x5a50b19d1e20072ff36ec4ca6801fed3acd0b1d1e3e607211104a1237b129efb",
    "market_label": "Will Iran strike Israel on March 3?",
    "wallet": "0x44c1dfe43260c94ed4f1d00de2e1f80fb113ebc1",
    "size_usd": 4955.52,
    "size": 4955.52,
    "outcome": "Yes",
    "side": "Yes",
    "price": 0.996
  },
  {
    "timestamp": 1772610297,
    "market_id": "0x5a50b19d1e20072ff36ec4ca6801fed3acd0b1d1e3e607211104a1237b129efb",
    "market_label": "Will Iran strike Israel on March 3?",
    "wallet": "0x44c1dfe43260c94ed4f1d00de2e1f80fb113ebc1",
    "size_usd": 12553.15,
    "size": 12553.15,
    "outcome": "Yes",
    "side": "Yes",
    "price": 0.9945786611328631
  },
  {
    "timestamp": 1772607061,
    "market_id": "0x5a50b19d1e20072ff36ec4ca6801fed3acd0b1d1e3e607211104a1237b129efb",
    "market_label": "Will Iran strike Israel on March 3?",
    "wallet": "0x03f02009d35e9a20cd18ed817d15e3c568d363e0",
    "size_usd": 1369.94,
    "size": 1369.94,
    "outcome": "No",
    "side": "No",
    "price": 0.008272734572317036
  },
  {
    "timestamp": 1772604059,
    "market_id": "0x5a50b19d1e20072ff36ec4ca6801fed3acd0b1d1e3e607211104a1237b129efb",
    "market_label": "Will Iran strike Israel on March 3?",
    "wallet": "0x1424a9e0a0def5a86c3c6cffbd8b6c65e1b12c7f",
    "size_usd": 1004.2,
    "size": 1004.2,
    "outcome": "Yes",
    "side": "Yes",
    "price": 0.017963134833698467
  },
  {
    "timestamp": 1772603225,
    "market_id": "0x5a50b19d1e20072ff36ec4ca6801fed3acd0b1d1e3e607211104a1237b129efb",
    "market_label": "Will Iran strike Israel on March 3?",
    "wallet": "0xb416b22084be9d13d8854dba5de26b6e953bc7a1",
    "size_usd": 3275.08,
    "size": 3275.08,
    "outcome": "No",
    "side": "No",
    "price": 0.9828025147477314
  },
  {
    "timestamp": 1772599449,
    "market_id": "0x5a50b19d1e20072ff36ec4ca6801fed3acd0b1d1e3e607211104a1237b129efb",
    "market_label": "Will Iran strike Israel on March 3?",
    "wallet": "0x0b7d8a2c95f9060ce95ff391eed072f46da027d2",
    "size_usd": 1236.0,
    "size": 1236.0,
    "outcome": "No",
    "side": "No",
    "price": 0.9856969822006473
  },
  {
    "timestamp": 1772598027,
    "market_id": "0x5a50b19d1e20072ff36ec4ca6801fed3acd0b1d1e3e607211104a1237b129efb",
    "market_label": "Will Iran strike Israel on March 3?",
    "wallet": "0x9aeb534c42b58b21673d5e03e9da14fbd15b2729",
    "size_usd": 1274.77,
    "size": 1274.77,
    "outcome": "Yes",
    "side": "Yes",
    "price": 0.9897379135059657
  },
  {
    "timestamp": 1772597385,
    "market_id": "0x5a50b19d1e20072ff36ec4ca6801fed3acd0b1d1e3e607211104a1237b129efb",
    "market_label": "Will Iran strike Israel on March 3?",
    "wallet": "0x4d857082a9be5587fb659e71c04111d010d797e9",
    "size_usd": 2000.0,
    "size": 2000.0,
    "outcome": "Yes",
    "side": "Yes",
    "price": 0.02605748
  },
  {
    "timestamp": 1772597167,
    "market_id": "0x5a50b19d1e20072ff36ec4ca6801fed3acd0b1d1e3e607211104a1237b129efb",
    "market_label": "Will Iran strike Israel on March 3?",
    "wallet": "0x4d857082a9be5587fb659e71c04111d010d797e9",
    "size_usd": 5000.0,
    "size": 5000.0,
    "outcome": "Yes",
    "side": "Yes",
    "price": 0.0184338
  },
  {
    "timestamp": 1772597125,
    "market_id": "0x5a50b19d1e20072ff36ec4ca6801fed3acd0b1d1e3e607211104a1237b129efb",
    "market_label": "Will Iran strike Israel on March 3?",
    "wallet": "0x4d857082a9be5587fb659e71c04111d010d797e9",
    "size_usd": 5000.0,
    "size": 5000.0,
    "outcome": "Yes",
    "side": "Yes",
    "price": 0.010723872
  },
  {
    "timestamp": 1772596581,
    "market_id": "0x5a50b19d1e20072ff36ec4ca6801fed3acd0b1d1e3e607211104a1237b129efb",
    "market_label": "Will Iran strike Israel on March 3?",
    "wallet": "0x9aeb534c42b58b21673d5e03e9da14fbd15b2729",
    "size_usd": 5816.67,
    "size": 5816.67,
    "outcome": "No",
    "side": "No",
    "price": 0.9921218893284302
  },
  {
    "timestamp": 1772595759,
    "market_id": "0x5a50b19d1e20072ff36ec4ca6801fed3acd0b1d1e3e607211104a1237b129efb",
    "market_label": "Will Iran strike Israel on March 3?",
    "wallet": "0xd426adbc3c4461c86099c26221c877f20e42334a",
    "size_usd": 1206.89,
    "size": 1206.89,
    "outcome": "No",
    "side": "No",
    "price": 0.992692001756581
  },
  {
    "timestamp": 1772594089,
    "market_id": "0x5a50b19d1e20072ff36ec4ca6801fed3acd0b1d1e3e607211104a1237b129efb",
    "market_label": "Will Iran strike Israel on March 3?",
    "wallet": "0x9aeb534c42b58b21673d5e03e9da14fbd15b2729",
    "size_usd": 4057.14,
    "size": 4057.14,
    "outcome": "No",
    "side": "No",
    "price": 0.993
  },
  {
    "timestamp": 1772593899,
    "market_id": "0x5a50b19d1e20072ff36ec4ca6801fed3acd0b1d1e3e607211104a1237b129efb",
    "market_label": "Will Iran strike Israel on March 3?",
    "wallet": "0x3c9f5530be21210e977efa87fa5d40ee6398069f",
    "size_usd": 1944.25,
    "size": 1944.25,
    "outcome": "Yes",
    "side": "Yes",
    "price": 0.005873827954223994
  },
  {
    "timestamp": 1772593857,
    "market_id": "0x5a50b19d1e20072ff36ec4ca6801fed3acd0b1d1e3e607211104a1237b129efb",
    "market_label": "Will Iran strike Israel on March 3?",
    "wallet": "0x32d1623dddbd4841a98da71e47f0436d2ef2b949",
    "size_usd": 2352.0,
    "size": 2352.0,
    "outcome": "No",
    "side": "No",
    "price": 0.0019814455782312924
  },
  {
    "timestamp": 1772592371,
    "market_id": "0x5a50b19d1e20072ff36ec4ca6801fed3acd0b1d1e3e607211104a1237b129efb",
    "market_label": "Will Iran strike Israel on March 3?",
    "wallet": "0xac040abb7dff90a2df56234da3b33b8e3def437e",
    "size_usd": 1013.77,
    "size": 1013.77,
    "outcome": "No",
    "side": "No",
    "price": 0.0046314745948292015
  },
  {
    "timestamp": 1772592129,
    "market_id": "0x5a50b19d1e20072ff36ec4ca6801fed3acd0b1d1e3e607211104a1237b129efb",
    "market_label": "Will Iran strike Israel on March 3?",
    "wallet": "0xbacd00c9080a82ded56f504ee8810af732b0ab35",
    "size_usd": 1573.89,
    "size": 1573.89,
    "outcome": "Yes",
    "side": "Yes",
    "price": 0.9917624421020529
  },
  {
    "timestamp": 1772591045,
    "market_id": "0x5a50b19d1e20072ff36ec4ca6801fed3acd0b1d1e3e607211104a1237b129efb",
    "market_label": "Will Iran strike Israel on March 3?",
    "wallet": "0x32d1623dddbd4841a98da71e47f0436d2ef2b949",
    "size_usd": 2352.0,
    "size": 2352.0,
    "outcome": "Yes",
    "side": "Yes",
    "price": 0.010849914965986394
  },
  {
    "timestamp": 1772590277,
    "market_id": "0x5a50b19d1e20072ff36ec4ca6801fed3acd0b1d1e3e607211104a1237b129efb",
    "market_label": "Will Iran strike Israel on March 3?",
    "wallet": "0x3c9f5530be21210e977efa87fa5d40ee6398069f",
    "size_usd": 1500.0,
    "size": 1500.0,
    "outcome": "Yes",
    "side": "Yes",
    "price": 0.01
  },
  {
    "timestamp": 1772589851,
    "market_id": "0x5a50b19d1e20072ff36ec4ca6801fed3acd0b1d1e3e607211104a1237b129efb",
    "market_label": "Will Iran strike Israel on March 3?",
    "wallet": "0x9aeb534c42b58b21673d5e03e9da14fbd15b2729",
    "size_usd": 2676.0,
    "size": 2676.0,
    "outcome": "Yes",
    "side": "Yes",
    "price": 0.99
  },
  {
    "timestamp": 1772589561,
    "market_id": "0x5a50b19d1e20072ff36ec4ca6801fed3acd0b1d1e3e607211104a1237b129efb",
    "market_label": "Will Iran strike Israel on March 3?",
    "wallet": "0x79d4baa7ae8542bb617bc673f0ac2101db986d24",
    "size_usd": 9861.62,
    "size": 9861.62,
    "outcome": "Yes",
    "side": "Yes",
    "price": 0.99
  },
  {
    "timestamp": 1772589457,
    "market_id": "0x5a50b19d1e20072ff36ec4ca6801fed3acd0b1d1e3e607211104a1237b129efb",
    "market_label": "Will Iran strike Israel on March 3?",
    "wallet": "0x56a03863fd097f02411df2c979d18aebd37abc31",
    "size_usd": 10000.0,
    "size": 10000.0,
    "outcome": "Yes",
    "side": "Yes",
    "price": 0.99
  },
  {
    "timestamp": 1772589381,
    "market_id": "0x5a50b19d1e20072ff36ec4ca6801fed3acd0b1d1e3e607211104a1237b129efb",
    "market_label": "Will Iran strike Israel on March 3?",
    "wallet": "0x56a03863fd097f02411df2c979d18aebd37abc31",
    "size_usd": 1662.0,
    "size": 1662.0,
    "outcome": "Yes",
    "side": "Yes",
    "price": 0.989
  },
  {
    "timestamp": 1772589259,
    "market_id": "0x5a50b19d1e20072ff36ec4ca6801fed3acd0b1d1e3e607211104a1237b129efb",
    "market_label": "Will Iran strike Israel on March 3?",
    "wallet": "0x4d857082a9be5587fb659e71c04111d010d797e9",
    "size_usd": 2921.2,
    "size": 2921.2,
    "outcome": "Yes",
    "side": "Yes",
    "price": 0.006
  },
  {
    "timestamp": 1772589227,
    "market_id": "0x5a50b19d1e20072ff36ec4ca6801fed3acd0b1d1e3e607211104a1237b129efb",
    "market_label": "Will Iran strike Israel on March 3?",
    "wallet": "0xdcbbee1fb9e7bced21144e191606cc6dca804721",
    "size_usd": 1000.0,
    "size": 1000.0,
    "outcome": "Yes",
    "side": "Yes",
    "price": 0.006
  },
  {
    "timestamp": 1772588647,
    "market_id": "0x5a50b19d1e20072ff36ec4ca6801fed3acd0b1d1e3e607211104a1237b129efb",
    "market_label": "Will Iran strike Israel on March 3?",
    "wallet": "0x79d4baa7ae8542bb617bc673f0ac2101db986d24",
    "size_usd": 1653.62,
    "size": 1653.62,
    "outcome": "Yes",
    "side": "Yes",
    "price": 0.9968380583205332
  },
  {
    "timestamp": 1772587891,
    "market_id": "0x5a50b19d1e20072ff36ec4ca6801fed3acd0b1d1e3e607211104a1237b129efb",
    "market_label": "Will Iran strike Israel on March 3?",
    "wallet": "0x4d0e9b029700163625c551a0073636f3dc5ec45b",
    "size_usd": 1394.12,
    "size": 1394.12,
    "outcome": "Yes",
    "side": "Yes",
    "price": 0.9890889163056265
  },
  {
    "timestamp": 1772586575,
    "market_id": "0x5a50b19d1e20072ff36ec4ca6801fed3acd0b1d1e3e607211104a1237b129efb",
    "market_label": "Will Iran strike Israel on March 3?",
    "wallet": "0xec81e4cf4c3a117447ec2587bf996befa0510a74",
    "size_usd": 1298.0,
    "size": 1298.0,
    "outcome": "No",
    "side": "No",
    "price": 0.014567550077041603
  },
  {
    "timestamp": 1772586461,
    "market_id": "0x5a50b19d1e20072ff36ec4ca6801fed3acd0b1d1e3e607211104a1237b129efb",
    "market_label": "Will Iran strike Israel on March 3?",
    "wallet": "0xac040abb7dff90a2df56234da3b33b8e3def437e",
    "size_usd": 1013.773938,
    "size": 1013.773938,
    "outcome": "Yes",
    "side": "Yes",
    "price": 0.05750788890372915
  },
  {
    "timestamp": 1772586101,
    "market_id": "0x5a50b19d1e20072ff36ec4ca6801fed3acd0b1d1e3e607211104a1237b129efb",
    "market_label": "Will Iran strike Israel on March 3?",
    "wallet": "0x47ef8030a7bd9afbbafadfaca4389e278c0a7695",
    "size_usd": 1314.03,
    "size": 1314.03,
    "outcome": "No",
    "side": "No",
    "price": 0.9306994360859341
  },
  {
    "timestamp": 1772583301,
    "market_id": "0x5a50b19d1e20072ff36ec4ca6801fed3acd0b1d1e3e607211104a1237b129efb",
    "market_label": "Will Iran strike Israel on March 3?",
    "wallet": "0xc84f7e76ec28ef20e7773b7b4926bfb7378be0c5",
    "size_usd": 1370.0,
    "size": 1370.0,
    "outcome": "No",
    "side": "No",
    "price": 0.7011894890510949
  },
  {
    "timestamp": 1772582063,
    "market_id": "0x5a50b19d1e20072ff36ec4ca6801fed3acd0b1d1e3e607211104a1237b129efb",
    "market_label": "Will Iran strike Israel on March 3?",
    "wallet": "0x027dfcd4e78f176b0191ba6a40af217844916a30",
    "size_usd": 3234.33155,
    "size": 3234.33155,
    "outcome": "Yes",
    "side": "Yes",
    "price": 0.17171399759557737
  },
  {
    "timestamp": 1772580279,
    "market_id": "0x5a50b19d1e20072ff36ec4ca6801fed3acd0b1d1e3e607211104a1237b129efb",
    "market_label": "Will Iran strike Israel on March 3?",
    "wallet": "0xee67664b7364ad83e8be00942440f7980f3e88df",
    "size_usd": 1049.85,
    "size": 1049.85,
    "outcome": "Yes",
    "side": "Yes",
    "price": 0.2
  },
  {
    "timestamp": 1772661807,
    "market_id": "0x31b5352009064b57797bc107293dde6772386152e719d9d616870962364af790",
    "market_label": "Will Florida win the 2026 NCAA Tournament?",
    "wallet": "0x27d2812fa0d04ca1b874cffedff7a15beb4ab0f8",
    "size_usd": 4245.333983,
    "size": 4245.333983,
    "outcome": "Yes",
    "side": "Yes",
    "price": 0.11659860024727765
  },
  {
    "timestamp": 1772563991,
    "market_id": "0x31b5352009064b57797bc107293dde6772386152e719d9d616870962364af790",
    "market_label": "Will Florida win the 2026 NCAA Tournament?",
    "wallet": "0x21b8001210c256edfc625d20aabf512abedf702c",
    "size_usd": 1209.0,
    "size": 1209.0,
    "outcome": "No",
    "side": "No",
    "price": 0.897
  },
  {
    "timestamp": 1772563991,
    "market_id": "0x31b5352009064b57797bc107293dde6772386152e719d9d616870962364af790",
    "market_label": "Will Florida win the 2026 NCAA Tournament?",
    "wallet": "0x85ca4d0c4128882dd291f85293b1200da3cdcfa0",
    "size_usd": 1512.0,
    "size": 1512.0,
    "outcome": "No",
    "side": "No",
    "price": 0.897
  },
  {
    "timestamp": 1772563511,
    "market_id": "0x31b5352009064b57797bc107293dde6772386152e719d9d616870962364af790",
    "market_label": "Will Florida win the 2026 NCAA Tournament?",
    "wallet": "0x21b8001210c256edfc625d20aabf512abedf702c",
    "size_usd": 1115.0,
    "size": 1115.0,
    "outcome": "Yes",
    "side": "Yes",
    "price": 0.898
  },
  {
    "timestamp": 1772563511,
    "market_id": "0x31b5352009064b57797bc107293dde6772386152e719d9d616870962364af790",
    "market_label": "Will Florida win the 2026 NCAA Tournament?",
    "wallet": "0x0659bdf48abb1572b5aa4d2992c4c75240d62f1a",
    "size_usd": 1152.0,
    "size": 1152.0,
    "outcome": "Yes",
    "side": "Yes",
    "price": 0.102
  },
  {
    "timestamp": 1772563511,
    "market_id": "0x31b5352009064b57797bc107293dde6772386152e719d9d616870962364af790",
    "market_label": "Will Florida win the 2026 NCAA Tournament?",
    "wallet": "0xe6fb32b3775f405f89d6e0079d2d0e5ef1318a6b",
    "size_usd": 1331.0,
    "size": 1331.0,
    "outcome": "Yes",
    "side": "Yes",
    "price": 0.102
  },
  {
    "timestamp": 1772563171,
    "market_id": "0x31b5352009064b57797bc107293dde6772386152e719d9d616870962364af790",
    "market_label": "Will Florida win the 2026 NCAA Tournament?",
    "wallet": "0x6201581cc272ffa4df61cd21a5148dfa678aff8a",
    "size_usd": 1734.0,
    "size": 1734.0,
    "outcome": "No",
    "side": "No",
    "price": 0.898
  },
  {
    "timestamp": 1772563171,
    "market_id": "0x31b5352009064b57797bc107293dde6772386152e719d9d616870962364af790",
    "market_label": "Will Florida win the 2026 NCAA Tournament?",
    "wallet": "0x74cca9f7a971afed98a4a2f833c835efc62c509f",
    "size_usd": 1749.0,
    "size": 1749.0,
    "outcome": "No",
    "side": "No",
    "price": 0.898
  },
  {
    "timestamp": 1772563171,
    "market_id": "0x31b5352009064b57797bc107293dde6772386152e719d9d616870962364af790",
    "market_label": "Will Florida win the 2026 NCAA Tournament?",
    "wallet": "0x63b99d32554a163ba4df0d6b23fccada29cebc4e",
    "size_usd": 1341.0,
    "size": 1341.0,
    "outcome": "No",
    "side": "No",
    "price": 0.898
  },
  {
    "timestamp": 1772563171,
    "market_id": "0x31b5352009064b57797bc107293dde6772386152e719d9d616870962364af790",
    "market_label": "Will Florida win the 2026 NCAA Tournament?",
    "wallet": "0x088f0fb764b3769b1be96b1c056462fce8fcd7ca",
    "size_usd": 1162.0,
    "size": 1162.0,
    "outcome": "No",
    "side": "No",
    "price": 0.898
  },
  {
    "timestamp": 1772562569,
    "market_id": "0x31b5352009064b57797bc107293dde6772386152e719d9d616870962364af790",
    "market_label": "Will Florida win the 2026 NCAA Tournament?",
    "wallet": "0xa22f4cea4039700f1774957cf885e33a4b0acd64",
    "size_usd": 2882.0,
    "size": 2882.0,
    "outcome": "Yes",
    "side": "Yes",
    "price": 0.102
  },
  {
    "timestamp": 1772562569,
    "market_id": "0x31b5352009064b57797bc107293dde6772386152e719d9d616870962364af790",
    "market_label": "Will Florida win the 2026 NCAA Tournament?",
    "wallet": "0xe06dbd1b34efd521cbdc99fcaf4520d6045b115b",
    "size_usd": 2315.0,
    "size": 2315.0,
    "outcome": "Yes",
    "side": "Yes",
    "price": 0.102
  },
  {
    "timestamp": 1772562569,
    "market_id": "0x31b5352009064b57797bc107293dde6772386152e719d9d616870962364af790",
    "market_label": "Will Florida win the 2026 NCAA Tournament?",
    "wallet": "0xe6fb32b3775f405f89d6e0079d2d0e5ef1318a6b",
    "size_usd": 2670.0,
    "size": 2670.0,
    "outcome": "Yes",
    "side": "Yes",
    "price": 0.102
  },
  {
    "timestamp": 1772294189,
    "market_id": "0x31b5352009064b57797bc107293dde6772386152e719d9d616870962364af790",
    "market_label": "Will Florida win the 2026 NCAA Tournament?",
    "wallet": "0x5a61a34b9298decd81a174abceb85bf431b71787",
    "size_usd": 2000.4893,
    "size": 2000.4893,
    "outcome": "Yes",
    "side": "Yes",
    "price": 0.0901279501969843
  },
  {
    "timestamp": 1772528839,
    "market_id": "0x5fca56b7401a55ea5753bc833cd5bd739580d065539d45ae2da1c287e78f137c",
    "market_label": "Will Juventus win the 2025\u201326 Serie A league?",
    "wallet": "0x968d101abbe5442c78f65d44441d5bc65a08e3b6",
    "size_usd": 4305.6,
    "size": 4305.6,
    "outcome": "No",
    "side": "No",
    "price": 0.002856124581939799
  },
  {
    "timestamp": 1772133994,
    "market_id": "0x5fca56b7401a55ea5753bc833cd5bd739580d065539d45ae2da1c287e78f137c",
    "market_label": "Will Juventus win the 2025\u201326 Serie A league?",
    "wallet": "0x968d101abbe5442c78f65d44441d5bc65a08e3b6",
    "size_usd": 1561.84,
    "size": 1561.84,
    "outcome": "Yes",
    "side": "Yes",
    "price": 0.005810230241253905
  },
  {
    "timestamp": 1771583188,
    "market_id": "0x5fca56b7401a55ea5753bc833cd5bd739580d065539d45ae2da1c287e78f137c",
    "market_label": "Will Juventus win the 2025\u201326 Serie A league?",
    "wallet": "0x968d101abbe5442c78f65d44441d5bc65a08e3b6",
    "size_usd": 1157.0,
    "size": 1157.0,
    "outcome": "Yes",
    "side": "Yes",
    "price": 0.020864304235090753
  },
  {
    "timestamp": 1772155330,
    "market_id": "0x15ff9c3631b139b5e74cb1edbc34fe3c327406781d206d0e43d4c33c8b256203",
    "market_label": "Will February 2026 be the 4th or lower hottest on record?",
    "wallet": "0xa9aeaedfb559e1f700f62df90d3068f3c9678598",
    "size_usd": 1082.0,
    "size": 1082.0,
    "outcome": "Yes",
    "side": "Yes",
    "price": 0.194
  },
  {
    "timestamp": 1772387673,
    "market_id": "0x8d992a2c8ec4f9865986a9efea9baf859b7ba7f419dcb76d287aea07b52f16c3",
    "market_label": "Rinderknech vs. Draper: Set 1 Games O/U 10.5",
    "wallet": "0xbd9e2a1ddc5f949edd5a1168ec2fd75f783a6872",
    "size_usd": 1000.0,
    "size": 1000.0,
    "outcome": "Yes",
    "side": "Yes",
    "price": 0.001
  },
  {
    "timestamp": 1772660493,
    "market_id": "0x0f262b519a22f7834634195d48fe9ffca8f3f71e1d9601d082fa4a3546e79961",
    "market_label": "BNP Paribas Open: Varvara Gracheva vs Lilli Tagger",
    "wallet": "0x503165b60b6e0db32160973a69731eba71ee1ffb",
    "size_usd": 1610.92,
    "size": 1610.92,
    "outcome": "Yes",
    "side": "Yes",
    "price": 0.59
  },
  {
    "timestamp": 1772653387,
    "market_id": "0x0f262b519a22f7834634195d48fe9ffca8f3f71e1d9601d082fa4a3546e79961",
    "market_label": "BNP Paribas Open: Varvara Gracheva vs Lilli Tagger",
    "wallet": "0xa82a8a824d9102e2309584da10c8622478bda759",
    "size_usd": 1380.4,
    "size": 1380.4,
    "outcome": "Yes",
    "side": "Yes",
    "price": 0.42
  },
  {
    "timestamp": 1772642201,
    "market_id": "0x0f262b519a22f7834634195d48fe9ffca8f3f71e1d9601d082fa4a3546e79961",
    "market_label": "BNP Paribas Open: Varvara Gracheva vs Lilli Tagger",
    "wallet": "0xea325cab4f4ac5bb2ff4cfba98893fb0cdf38870",
    "size_usd": 2076.2,
    "size": 2076.2,
    "outcome": "Yes",
    "side": "Yes",
    "price": 0.41
  },
  {
    "timestamp": 1772025682,
    "market_id": "0xf29ba3bae0662b6f977f4918ad07ce6ea1c9d49bbc63a9145a2973cc829d245e",
    "market_label": "Will Silver (SI) hit (LOW) $55 by end of June?",
    "wallet": "0xa7b5bf2089e3de036ae68425461407343466fa78",
    "size_usd": 2094.298,
    "size": 2094.298,
    "outcome": "Yes",
    "side": "Yes",
    "price": 0.19099478679729437
  },
  {
    "timestamp": 1771515338,
    "market_id": "0xf29ba3bae0662b6f977f4918ad07ce6ea1c9d49bbc63a9145a2973cc829d245e",
    "market_label": "Will Silver (SI) hit (LOW) $55 by end of June?",
    "wallet": "0xda1658af46c265cdeafcb7d49e54cf34a2c943c5",
    "size_usd": 15004.0,
    "size": 15004.0,
    "outcome": "Yes",
    "side": "Yes",
    "price": 0.3
  },
  {
    "timestamp": 1771515298,
    "market_id": "0xf29ba3bae0662b6f977f4918ad07ce6ea1c9d49bbc63a9145a2973cc829d245e",
    "market_label": "Will Silver (SI) hit (LOW) $55 by end of June?",
    "wallet": "0xbd7081ea65c486038cdb2e07c695327e988ecaa4",
    "size_usd": 15004.0,
    "size": 15004.0,
    "outcome": "Yes",
    "side": "Yes",
    "price": 0.3
  },
  {
    "timestamp": 1771515194,
    "market_id": "0xf29ba3bae0662b6f977f4918ad07ce6ea1c9d49bbc63a9145a2973cc829d245e",
    "market_label": "Will Silver (SI) hit (LOW) $55 by end of June?",
    "wallet": "0xbd7081ea65c486038cdb2e07c695327e988ecaa4",
    "size_usd": 15008.0,
    "size": 15008.0,
    "outcome": "Yes",
    "side": "Yes",
    "price": 0.3
  },
  {
    "timestamp": 1771515164,
    "market_id": "0xf29ba3bae0662b6f977f4918ad07ce6ea1c9d49bbc63a9145a2973cc829d245e",
    "market_label": "Will Silver (SI) hit (LOW) $55 by end of June?",
    "wallet": "0xda1658af46c265cdeafcb7d49e54cf34a2c943c5",
    "size_usd": 15008.0,
    "size": 15008.0,
    "outcome": "Yes",
    "side": "Yes",
    "price": 0.3
  },
  {
    "timestamp": 1772541615,
    "market_id": "0xd999e1a441712ddf56ef8e6f57a2b007b21250991bd90a57abb8dc2e6a35051e",
    "market_label": "Solana Up or Down - February 24, 2:00AM-2:05AM ET",
    "wallet": "0x5ddf28379c665a1d2d486d3fa4fe78c66e20d79f",
    "size_usd": 1150.0,
    "size": 1150.0,
    "outcome": "Yes",
    "side": "Yes",
    "price": 0.001
  },
  {
    "timestamp": 1772014424,
    "market_id": "0xd999e1a441712ddf56ef8e6f57a2b007b21250991bd90a57abb8dc2e6a35051e",
    "market_label": "Solana Up or Down - February 24, 2:00AM-2:05AM ET",
    "wallet": "0x086eb83e754d17a5de834df36a28c8b186f84156",
    "size_usd": 1000.0,
    "size": 1000.0,
    "outcome": "Yes",
    "side": "Yes",
    "price": 0.001
  },
  {
    "timestamp": 1771940804,
    "market_id": "0xd999e1a441712ddf56ef8e6f57a2b007b21250991bd90a57abb8dc2e6a35051e",
    "market_label": "Solana Up or Down - February 24, 2:00AM-2:05AM ET",
    "wallet": "0x5b6331e7ff0831a3fe2ed12004747db1a9c911a4",
    "size_usd": 1000.0,
    "size": 1000.0,
    "outcome": "Yes",
    "side": "Yes",
    "price": 0.001
  },
  {
    "timestamp": 1771916698,
    "market_id": "0xd999e1a441712ddf56ef8e6f57a2b007b21250991bd90a57abb8dc2e6a35051e",
    "market_label": "Solana Up or Down - February 24, 2:00AM-2:05AM ET",
    "wallet": "0xba264376d6fef08f23a44db4153d12d47f5f23c9",
    "size_usd": 1000.0,
    "size": 1000.0,
    "outcome": "Yes",
    "side": "Yes",
    "price": 0.98655
  },
  {
    "timestamp": 1772690279,
    "market_id": "0x7c9344aedcbe851b1187a4b45834b285fda39c65c9f9bc5a59335fdd35cd735f",
    "market_label": "Hawks vs. Bucks: O/U 231.5",
    "wallet": "0xd0add7b2e2ed04c7ae9d5e0faf046d535f9fbce9",
    "size_usd": 1675.76,
    "size": 1675.76,
    "outcome": "No",
    "side": "No",
    "price": 0.999
  },
  {
    "timestamp": 1772686191,
    "market_id": "0x7c9344aedcbe851b1187a4b45834b285fda39c65c9f9bc5a59335fdd35cd735f",
    "market_label": "Hawks vs. Bucks: O/U 231.5",
    "wallet": "0x62e6ffdaf3fa0bd281ac8c5d37e80b83a23970da",
    "size_usd": 4995.89,
    "size": 4995.89,
    "outcome": "Yes",
    "side": "Yes",
    "price": 0.998
  },
  {
    "timestamp": 1772686103,
    "market_id": "0x7c9344aedcbe851b1187a4b45834b285fda39c65c9f9bc5a59335fdd35cd735f",
    "market_label": "Hawks vs. Bucks: O/U 231.5",
    "wallet": "0xdec449de9d1d2c5bf2439584f5661c2e1f5cb675",
    "size_usd": 4762.242856,
    "size": 4762.242856,
    "outcome": "Yes",
    "side": "Yes",
    "price": 0.02099850911089277
  },
  {
    "timestamp": 1772685585,
    "market_id": "0x7c9344aedcbe851b1187a4b45834b285fda39c65c9f9bc5a59335fdd35cd735f",
    "market_label": "Hawks vs. Bucks: O/U 231.5",
    "wallet": "0x044a5861e6bcd6ad7ed79ae4395e9592cc061ace",
    "size_usd": 3134.303348,
    "size": 3134.303348,
    "outcome": "Yes",
    "side": "Yes",
    "price": 0.18496933277691155
  },
  {
    "timestamp": 1772680145,
    "market_id": "0x7c9344aedcbe851b1187a4b45834b285fda39c65c9f9bc5a59335fdd35cd735f",
    "market_label": "Hawks vs. Bucks: O/U 231.5",
    "wallet": "0xd0add7b2e2ed04c7ae9d5e0faf046d535f9fbce9",
    "size_usd": 1105.349061,
    "size": 1105.349061,
    "outcome": "Yes",
    "side": "Yes",
    "price": 0.6332841124112557
  },
  {
    "timestamp": 1772675881,
    "market_id": "0x7c9344aedcbe851b1187a4b45834b285fda39c65c9f9bc5a59335fdd35cd735f",
    "market_label": "Hawks vs. Bucks: O/U 231.5",
    "wallet": "0xd04de4ff45a0fe5b2718c17b584778c0bd30bfc2",
    "size_usd": 1133.0,
    "size": 1133.0,
    "outcome": "Yes",
    "side": "Yes",
    "price": 0.53
  },
  {
    "timestamp": 1772675251,
    "market_id": "0x7c9344aedcbe851b1187a4b45834b285fda39c65c9f9bc5a59335fdd35cd735f",
    "market_label": "Hawks vs. Bucks: O/U 231.5",
    "wallet": "0xd106952ebf30a3125affd8a23b6c1f30c35fc79c",
    "size_usd": 1085.9,
    "size": 1085.9,
    "outcome": "Yes",
    "side": "Yes",
    "price": 0.53
  },
  {
    "timestamp": 1772672053,
    "market_id": "0x7c9344aedcbe851b1187a4b45834b285fda39c65c9f9bc5a59335fdd35cd735f",
    "market_label": "Hawks vs. Bucks: O/U 231.5",
    "wallet": "0xb8cb99744a121190b46d6a6f39bfcf52b6928f46",
    "size_usd": 1450.0,
    "size": 1450.0,
    "outcome": "Yes",
    "side": "Yes",
    "price": 0.52
  },
  {
    "timestamp": 1772670639,
    "market_id": "0x7c9344aedcbe851b1187a4b45834b285fda39c65c9f9bc5a59335fdd35cd735f",
    "market_label": "Hawks vs. Bucks: O/U 231.5",
    "wallet": "0xbc37414580f0fd76082d68e03a5265db2f662f65",
    "size_usd": 1288.461537,
    "size": 1288.461537,
    "outcome": "Yes",
    "side": "Yes",
    "price": 0.5199999998137314
  },
  {
    "timestamp": 1772664555,
    "market_id": "0x7c9344aedcbe851b1187a4b45834b285fda39c65c9f9bc5a59335fdd35cd735f",
    "market_label": "Hawks vs. Bucks: O/U 231.5",
    "wallet": "0x34cdeccaa9d998d22ea22948389b058e606e9675",
    "size_usd": 3465.0,
    "size": 3465.0,
    "outcome": "Yes",
    "side": "Yes",
    "price": 0.52
  },
  {
    "timestamp": 1772663939,
    "market_id": "0x7c9344aedcbe851b1187a4b45834b285fda39c65c9f9bc5a59335fdd35cd735f",
    "market_label": "Hawks vs. Bucks: O/U 231.5",
    "wallet": "0x9fad8308ef6b6ed5320e53a290a3bd4ad91f5a9f",
    "size_usd": 2584.16,
    "size": 2584.16,
    "outcome": "Yes",
    "side": "Yes",
    "price": 0.48
  },
  {
    "timestamp": 1772649027,
    "market_id": "0x7c9344aedcbe851b1187a4b45834b285fda39c65c9f9bc5a59335fdd35cd735f",
    "market_label": "Hawks vs. Bucks: O/U 231.5",
    "wallet": "0x23d23ae030d06d18987ccef1660327b8172cba4c",
    "size_usd": 4060.980815,
    "size": 4060.980815,
    "outcome": "Yes",
    "side": "Yes",
    "price": 0.48091830224516835
  },
  {
    "timestamp": 1772649013,
    "market_id": "0x7c9344aedcbe851b1187a4b45834b285fda39c65c9f9bc5a59335fdd35cd735f",
    "market_label": "Hawks vs. Bucks: O/U 231.5",
    "wallet": "0xa8f110a2ad3c6f999977764c32cafcaca0434c8a",
    "size_usd": 2291.666665,
    "size": 2291.666665,
    "outcome": "Yes",
    "side": "Yes",
    "price": 0.4799999999127273
  },
  {
    "timestamp": 1772648999,
    "market_id": "0x7c9344aedcbe851b1187a4b45834b285fda39c65c9f9bc5a59335fdd35cd735f",
    "market_label": "Hawks vs. Bucks: O/U 231.5",
    "wallet": "0xa8f110a2ad3c6f999977764c32cafcaca0434c8a",
    "size_usd": 2291.666665,
    "size": 2291.666665,
    "outcome": "Yes",
    "side": "Yes",
    "price": 0.4799999999127273
  },
  {
    "timestamp": 1772648985,
    "market_id": "0x7c9344aedcbe851b1187a4b45834b285fda39c65c9f9bc5a59335fdd35cd735f",
    "market_label": "Hawks vs. Bucks: O/U 231.5",
    "wallet": "0x78bbf40c958761b51bbd3cd93ede714f06a1591f",
    "size_usd": 2408.541665,
    "size": 2408.541665,
    "outcome": "Yes",
    "side": "Yes",
    "price": 0.4799999999169622
  },
  {
    "timestamp": 1772648949,
    "market_id": "0x7c9344aedcbe851b1187a4b45834b285fda39c65c9f9bc5a59335fdd35cd735f",
    "market_label": "Hawks vs. Bucks: O/U 231.5",
    "wallet": "0x9e16523fd812d1d3d6fa7a2bc6763a07ed5b0127",
    "size_usd": 1040.0,
    "size": 1040.0,
    "outcome": "Yes",
    "side": "Yes",
    "price": 0.48
  },
  {
    "timestamp": 1772636015,
    "market_id": "0x7c9344aedcbe851b1187a4b45834b285fda39c65c9f9bc5a59335fdd35cd735f",
    "market_label": "Hawks vs. Bucks: O/U 231.5",
    "wallet": "0xbde6a122620b9052f934274e0b00c1699dd0e8b5",
    "size_usd": 1358.74,
    "size": 1358.74,
    "outcome": "Yes",
    "side": "Yes",
    "price": 0.53
  },
  {
    "timestamp": 1772635959,
    "market_id": "0x7c9344aedcbe851b1187a4b45834b285fda39c65c9f9bc5a59335fdd35cd735f",
    "market_label": "Hawks vs. Bucks: O/U 231.5",
    "wallet": "0x78bbf40c958761b51bbd3cd93ede714f06a1591f",
    "size_usd": 2127.659573,
    "size": 2127.659573,
    "outcome": "Yes",
    "side": "Yes",
    "price": 0.4699999998543
  },
  {
    "timestamp": 1772635905,
    "market_id": "0x7c9344aedcbe851b1187a4b45834b285fda39c65c9f9bc5a59335fdd35cd735f",
    "market_label": "Hawks vs. Bucks: O/U 231.5",
    "wallet": "0xee613b3fc183ee44f9da9c05f53e2da107e3debf",
    "size_usd": 2828.3,
    "size": 2828.3,
    "outcome": "Yes",
    "side": "Yes",
    "price": 0.53
  },
  {
    "timestamp": 1772635563,
    "market_id": "0x7c9344aedcbe851b1187a4b45834b285fda39c65c9f9bc5a59335fdd35cd735f",
    "market_label": "Hawks vs. Bucks: O/U 231.5",
    "wallet": "0xd106952ebf30a3125affd8a23b6c1f30c35fc79c",
    "size_usd": 4882.06,
    "size": 4882.06,
    "outcome": "Yes",
    "side": "Yes",
    "price": 0.48
  },
  {
    "timestamp": 1772634943,
    "market_id": "0x7c9344aedcbe851b1187a4b45834b285fda39c65c9f9bc5a59335fdd35cd735f",
    "market_label": "Hawks vs. Bucks: O/U 231.5",
    "wallet": "0xd106952ebf30a3125affd8a23b6c1f30c35fc79c",
    "size_usd": 1356.64,
    "size": 1356.64,
    "outcome": "Yes",
    "side": "Yes",
    "price": 0.48
  },
  {
    "timestamp": 1772634865,
    "market_id": "0x7c9344aedcbe851b1187a4b45834b285fda39c65c9f9bc5a59335fdd35cd735f",
    "market_label": "Hawks vs. Bucks: O/U 231.5",
    "wallet": "0xd106952ebf30a3125affd8a23b6c1f30c35fc79c",
    "size_usd": 1356.64,
    "size": 1356.64,
    "outcome": "Yes",
    "side": "Yes",
    "price": 0.48
  },
  {
    "timestamp": 1772634775,
    "market_id": "0x7c9344aedcbe851b1187a4b45834b285fda39c65c9f9bc5a59335fdd35cd735f",
    "market_label": "Hawks vs. Bucks: O/U 231.5",
    "wallet": "0xd106952ebf30a3125affd8a23b6c1f30c35fc79c",
    "size_usd": 1356.64,
    "size": 1356.64,
    "outcome": "Yes",
    "side": "Yes",
    "price": 0.48
  },
  {
    "timestamp": 1772634637,
    "market_id": "0x7c9344aedcbe851b1187a4b45834b285fda39c65c9f9bc5a59335fdd35cd735f",
    "market_label": "Hawks vs. Bucks: O/U 231.5",
    "wallet": "0xd106952ebf30a3125affd8a23b6c1f30c35fc79c",
    "size_usd": 1396.18,
    "size": 1396.18,
    "outcome": "Yes",
    "side": "Yes",
    "price": 0.48
  },
  {
    "timestamp": 1772634231,
    "market_id": "0x7c9344aedcbe851b1187a4b45834b285fda39c65c9f9bc5a59335fdd35cd735f",
    "market_label": "Hawks vs. Bucks: O/U 231.5",
    "wallet": "0xd106952ebf30a3125affd8a23b6c1f30c35fc79c",
    "size_usd": 4219.02,
    "size": 4219.02,
    "outcome": "Yes",
    "side": "Yes",
    "price": 0.48
  },
  {
    "timestamp": 1772634181,
    "market_id": "0x7c9344aedcbe851b1187a4b45834b285fda39c65c9f9bc5a59335fdd35cd735f",
    "market_label": "Hawks vs. Bucks: O/U 231.5",
    "wallet": "0xd106952ebf30a3125affd8a23b6c1f30c35fc79c",
    "size_usd": 2974.35,
    "size": 2974.35,
    "outcome": "Yes",
    "side": "Yes",
    "price": 0.48
  },
  {
    "timestamp": 1772634091,
    "market_id": "0x7c9344aedcbe851b1187a4b45834b285fda39c65c9f9bc5a59335fdd35cd735f",
    "market_label": "Hawks vs. Bucks: O/U 231.5",
    "wallet": "0xd106952ebf30a3125affd8a23b6c1f30c35fc79c",
    "size_usd": 3175.42,
    "size": 3175.42,
    "outcome": "Yes",
    "side": "Yes",
    "price": 0.48
  },
  {
    "timestamp": 1772634003,
    "market_id": "0x7c9344aedcbe851b1187a4b45834b285fda39c65c9f9bc5a59335fdd35cd735f",
    "market_label": "Hawks vs. Bucks: O/U 231.5",
    "wallet": "0x253dafc512e94796748acb4af49b54ace3deaa62",
    "size_usd": 3225.0,
    "size": 3225.0,
    "outcome": "Yes",
    "side": "Yes",
    "price": 0.48
  },
  {
    "timestamp": 1772633271,
    "market_id": "0x7c9344aedcbe851b1187a4b45834b285fda39c65c9f9bc5a59335fdd35cd735f",
    "market_label": "Hawks vs. Bucks: O/U 231.5",
    "wallet": "0x78bbf40c958761b51bbd3cd93ede714f06a1591f",
    "size_usd": 2127.659573,
    "size": 2127.659573,
    "outcome": "Yes",
    "side": "Yes",
    "price": 0.4699999998543
  },
  {
    "timestamp": 1772624973,
    "market_id": "0x7c9344aedcbe851b1187a4b45834b285fda39c65c9f9bc5a59335fdd35cd735f",
    "market_label": "Hawks vs. Bucks: O/U 231.5",
    "wallet": "0x329003887963c273a36fd1e9dacf31aa65d91135",
    "size_usd": 8861.702126,
    "size": 8861.702126,
    "outcome": "Yes",
    "side": "Yes",
    "price": 0.46999999997517405
  },
  {
    "timestamp": 1772624663,
    "market_id": "0x7c9344aedcbe851b1187a4b45834b285fda39c65c9f9bc5a59335fdd35cd735f",
    "market_label": "Hawks vs. Bucks: O/U 231.5",
    "wallet": "0xee613b3fc183ee44f9da9c05f53e2da107e3debf",
    "size_usd": 1072.34,
    "size": 1072.34,
    "outcome": "Yes",
    "side": "Yes",
    "price": 0.47
  },
  {
    "timestamp": 1772608421,
    "market_id": "0x7c9344aedcbe851b1187a4b45834b285fda39c65c9f9bc5a59335fdd35cd735f",
    "market_label": "Hawks vs. Bucks: O/U 231.5",
    "wallet": "0x315354a80464a7cebf0caa9dfe52c2da490c1dbc",
    "size_usd": 1598.0,
    "size": 1598.0,
    "outcome": "Yes",
    "side": "Yes",
    "price": 0.54
  },
  {
    "timestamp": 1772608393,
    "market_id": "0x7c9344aedcbe851b1187a4b45834b285fda39c65c9f9bc5a59335fdd35cd735f",
    "market_label": "Hawks vs. Bucks: O/U 231.5",
    "wallet": "0xf312a70625db2e6f0280df4ab93aba964745184d",
    "size_usd": 2399.0,
    "size": 2399.0,
    "outcome": "Yes",
    "side": "Yes",
    "price": 0.54
  },
  {
    "timestamp": 1772606557,
    "market_id": "0x7c9344aedcbe851b1187a4b45834b285fda39c65c9f9bc5a59335fdd35cd735f",
    "market_label": "Hawks vs. Bucks: O/U 231.5",
    "wallet": "0x91fd9fb66b4f61d7de7e0d826221c4a0f8e01cde",
    "size_usd": 1895.0,
    "size": 1895.0,
    "outcome": "Yes",
    "side": "Yes",
    "price": 0.54
  },
  {
    "timestamp": 1772570905,
    "market_id": "0x92546439b64eb75474e85860546f9b46d5965be9f6b39d834b5d952f25137ec0",
    "market_label": "Will Vin\u00edcius J\u00fanior win the 2026 Ballon d'Or?",
    "wallet": "0xc03036e4da3281407ff0a4061b0fb081eb07f96f",
    "size_usd": 1389.0,
    "size": 1389.0,
    "outcome": "No",
    "side": "No",
    "price": 0.957
  },
  {
    "timestamp": 1772570429,
    "market_id": "0x92546439b64eb75474e85860546f9b46d5965be9f6b39d834b5d952f25137ec0",
    "market_label": "Will Vin\u00edcius J\u00fanior win the 2026 Ballon d'Or?",
    "wallet": "0xc03036e4da3281407ff0a4061b0fb081eb07f96f",
    "size_usd": 1389.0,
    "size": 1389.0,
    "outcome": "Yes",
    "side": "Yes",
    "price": 0.964
  },
  {
    "timestamp": 1772565617,
    "market_id": "0x92546439b64eb75474e85860546f9b46d5965be9f6b39d834b5d952f25137ec0",
    "market_label": "Will Vin\u00edcius J\u00fanior win the 2026 Ballon d'Or?",
    "wallet": "0x315b1dd468dd781298c246eaaf8f7d4a6eb27968",
    "size_usd": 1307.0,
    "size": 1307.0,
    "outcome": "No",
    "side": "No",
    "price": 0.954
  },
  {
    "timestamp": 1772565617,
    "market_id": "0x92546439b64eb75474e85860546f9b46d5965be9f6b39d834b5d952f25137ec0",
    "market_label": "Will Vin\u00edcius J\u00fanior win the 2026 Ballon d'Or?",
    "wallet": "0x639f2a529677c3fe0e7055d68bc914e0a9d1fa63",
    "size_usd": 1492.0,
    "size": 1492.0,
    "outcome": "No",
    "side": "No",
    "price": 0.954
  },
  {
    "timestamp": 1772565617,
    "market_id": "0x92546439b64eb75474e85860546f9b46d5965be9f6b39d834b5d952f25137ec0",
    "market_label": "Will Vin\u00edcius J\u00fanior win the 2026 Ballon d'Or?",
    "wallet": "0xd8e5a4bc53d6994294c19f1cb7b78d46423cdc40",
    "size_usd": 1433.0,
    "size": 1433.0,
    "outcome": "No",
    "side": "No",
    "price": 0.954
  },
  {
    "timestamp": 1772565293,
    "market_id": "0x92546439b64eb75474e85860546f9b46d5965be9f6b39d834b5d952f25137ec0",
    "market_label": "Will Vin\u00edcius J\u00fanior win the 2026 Ballon d'Or?",
    "wallet": "0x8686615ca69868f06fa144aff85735a0a630855f",
    "size_usd": 1913.0,
    "size": 1913.0,
    "outcome": "Yes",
    "side": "Yes",
    "price": 0.046
  },
  {
    "timestamp": 1772565293,
    "market_id": "0x92546439b64eb75474e85860546f9b46d5965be9f6b39d834b5d952f25137ec0",
    "market_label": "Will Vin\u00edcius J\u00fanior win the 2026 Ballon d'Or?",
    "wallet": "0x2e498d724822a0fe1d1e8a0dc544e44422b6d44a",
    "size_usd": 2319.0,
    "size": 2319.0,
    "outcome": "Yes",
    "side": "Yes",
    "price": 0.046
  },
  {
    "timestamp": 1772562993,
    "market_id": "0x92546439b64eb75474e85860546f9b46d5965be9f6b39d834b5d952f25137ec0",
    "market_label": "Will Vin\u00edcius J\u00fanior win the 2026 Ballon d'Or?",
    "wallet": "0x80398526854f76b1c002b0098b5cf0d03659575c",
    "size_usd": 1189.0,
    "size": 1189.0,
    "outcome": "No",
    "side": "No",
    "price": 0.948
  },
  {
    "timestamp": 1772562569,
    "market_id": "0x92546439b64eb75474e85860546f9b46d5965be9f6b39d834b5d952f25137ec0",
    "market_label": "Will Vin\u00edcius J\u00fanior win the 2026 Ballon d'Or?",
    "wallet": "0x0fd2c90440934389e3c0c4d63591d86a0ee915a4",
    "size_usd": 1428.0,
    "size": 1428.0,
    "outcome": "Yes",
    "side": "Yes",
    "price": 0.049
  },
  {
    "timestamp": 1772562243,
    "market_id": "0x92546439b64eb75474e85860546f9b46d5965be9f6b39d834b5d952f25137ec0",
    "market_label": "Will Vin\u00edcius J\u00fanior win the 2026 Ballon d'Or?",
    "wallet": "0x85ca4d0c4128882dd291f85293b1200da3cdcfa0",
    "size_usd": 1080.0,
    "size": 1080.0,
    "outcome": "No",
    "side": "No",
    "price": 0.946
  },
  {
    "timestamp": 1772562243,
    "market_id": "0x92546439b64eb75474e85860546f9b46d5965be9f6b39d834b5d952f25137ec0",
    "market_label": "Will Vin\u00edcius J\u00fanior win the 2026 Ballon d'Or?",
    "wallet": "0x7b72c06b1f68a84049d2fceffc3bdc75d86352a5",
    "size_usd": 3461.0,
    "size": 3461.0,
    "outcome": "No",
    "side": "No",
    "price": 0.054
  },
  {
    "timestamp": 1772561651,
    "market_id": "0x92546439b64eb75474e85860546f9b46d5965be9f6b39d834b5d952f25137ec0",
    "market_label": "Will Vin\u00edcius J\u00fanior win the 2026 Ballon d'Or?",
    "wallet": "0x7b72c06b1f68a84049d2fceffc3bdc75d86352a5",
    "size_usd": 3461.0,
    "size": 3461.0,
    "outcome": "Yes",
    "side": "Yes",
    "price": 0.055
  },
  {
    "timestamp": 1772561649,
    "market_id": "0x92546439b64eb75474e85860546f9b46d5965be9f6b39d834b5d952f25137ec0",
    "market_label": "Will Vin\u00edcius J\u00fanior win the 2026 Ballon d'Or?",
    "wallet": "0x56a7d7e78f6f91a03256b70724c74c6ab3bc1f3d",
    "size_usd": 1080.0,
    "size": 1080.0,
    "outcome": "Yes",
    "side": "Yes",
    "price": 0.055
  },
  {
    "timestamp": 1772560225,
    "market_id": "0x92546439b64eb75474e85860546f9b46d5965be9f6b39d834b5d952f25137ec0",
    "market_label": "Will Vin\u00edcius J\u00fanior win the 2026 Ballon d'Or?",
    "wallet": "0x6980f52bb93a4360bc4dc3f7551835d0a149fd6c",
    "size_usd": 1158.0,
    "size": 1158.0,
    "outcome": "No",
    "side": "No",
    "price": 0.941
  },
  {
    "timestamp": 1772559861,
    "market_id": "0x92546439b64eb75474e85860546f9b46d5965be9f6b39d834b5d952f25137ec0",
    "market_label": "Will Vin\u00edcius J\u00fanior win the 2026 Ballon d'Or?",
    "wallet": "0x2afbfea587509262603fcf8db4e89c18897d6d73",
    "size_usd": 1195.0,
    "size": 1195.0,
    "outcome": "Yes",
    "side": "Yes",
    "price": 0.049
  },
  {
    "timestamp": 1772559373,
    "market_id": "0x92546439b64eb75474e85860546f9b46d5965be9f6b39d834b5d952f25137ec0",
    "market_label": "Will Vin\u00edcius J\u00fanior win the 2026 Ballon d'Or?",
    "wallet": "0xf8cef10363f95a62864697b6027dc12cffa8be52",
    "size_usd": 1181.0,
    "size": 1181.0,
    "outcome": "No",
    "side": "No",
    "price": 0.954
  },
  {
    "timestamp": 1772540905,
    "market_id": "0x92546439b64eb75474e85860546f9b46d5965be9f6b39d834b5d952f25137ec0",
    "market_label": "Will Vin\u00edcius J\u00fanior win the 2026 Ballon d'Or?",
    "wallet": "0x2afbfea587509262603fcf8db4e89c18897d6d73",
    "size_usd": 1326.0,
    "size": 1326.0,
    "outcome": "No",
    "side": "No",
    "price": 0.946
  },
  {
    "timestamp": 1772540905,
    "market_id": "0x92546439b64eb75474e85860546f9b46d5965be9f6b39d834b5d952f25137ec0",
    "market_label": "Will Vin\u00edcius J\u00fanior win the 2026 Ballon d'Or?",
    "wallet": "0xc10f0583e2584dacab3e795e60052c251062fcdf",
    "size_usd": 1239.0,
    "size": 1239.0,
    "outcome": "No",
    "side": "No",
    "price": 0.054
  },
  {
    "timestamp": 1772540905,
    "market_id": "0x92546439b64eb75474e85860546f9b46d5965be9f6b39d834b5d952f25137ec0",
    "market_label": "Will Vin\u00edcius J\u00fanior win the 2026 Ballon d'Or?",
    "wallet": "0x80398526854f76b1c002b0098b5cf0d03659575c",
    "size_usd": 1018.0,
    "size": 1018.0,
    "outcome": "No",
    "side": "No",
    "price": 0.054
  },
  {
    "timestamp": 1772540905,
    "market_id": "0x92546439b64eb75474e85860546f9b46d5965be9f6b39d834b5d952f25137ec0",
    "market_label": "Will Vin\u00edcius J\u00fanior win the 2026 Ballon d'Or?",
    "wallet": "0x43805d39ed110f3ea0c81010f7a7e726a3a1ebff",
    "size_usd": 1074.0,
    "size": 1074.0,
    "outcome": "No",
    "side": "No",
    "price": 0.054
  },
  {
    "timestamp": 1772540455,
    "market_id": "0x92546439b64eb75474e85860546f9b46d5965be9f6b39d834b5d952f25137ec0",
    "market_label": "Will Vin\u00edcius J\u00fanior win the 2026 Ballon d'Or?",
    "wallet": "0x80398526854f76b1c002b0098b5cf0d03659575c",
    "size_usd": 1018.0,
    "size": 1018.0,
    "outcome": "Yes",
    "side": "Yes",
    "price": 0.06
  },
  {
    "timestamp": 1772540455,
    "market_id": "0x92546439b64eb75474e85860546f9b46d5965be9f6b39d834b5d952f25137ec0",
    "market_label": "Will Vin\u00edcius J\u00fanior win the 2026 Ballon d'Or?",
    "wallet": "0xc10f0583e2584dacab3e795e60052c251062fcdf",
    "size_usd": 1239.0,
    "size": 1239.0,
    "outcome": "Yes",
    "side": "Yes",
    "price": 0.06
  },
  {
    "timestamp": 1772540455,
    "market_id": "0x92546439b64eb75474e85860546f9b46d5965be9f6b39d834b5d952f25137ec0",
    "market_label": "Will Vin\u00edcius J\u00fanior win the 2026 Ballon d'Or?",
    "wallet": "0x43805d39ed110f3ea0c81010f7a7e726a3a1ebff",
    "size_usd": 1074.0,
    "size": 1074.0,
    "outcome": "Yes",
    "side": "Yes",
    "price": 0.06
  },
  {
    "timestamp": 1772540455,
    "market_id": "0x92546439b64eb75474e85860546f9b46d5965be9f6b39d834b5d952f25137ec0",
    "market_label": "Will Vin\u00edcius J\u00fanior win the 2026 Ballon d'Or?",
    "wallet": "0x46a057283d0500c4d8129c45299ced70682f03e6",
    "size_usd": 1326.0,
    "size": 1326.0,
    "outcome": "Yes",
    "side": "Yes",
    "price": 0.06
  },
  {
    "timestamp": 1772540049,
    "market_id": "0x92546439b64eb75474e85860546f9b46d5965be9f6b39d834b5d952f25137ec0",
    "market_label": "Will Vin\u00edcius J\u00fanior win the 2026 Ballon d'Or?",
    "wallet": "0x088f0fb764b3769b1be96b1c056462fce8fcd7ca",
    "size_usd": 1105.0,
    "size": 1105.0,
    "outcome": "No",
    "side": "No",
    "price": 0.946
  },
  {
    "timestamp": 1772540049,
    "market_id": "0x92546439b64eb75474e85860546f9b46d5965be9f6b39d834b5d952f25137ec0",
    "market_label": "Will Vin\u00edcius J\u00fanior win the 2026 Ballon d'Or?",
    "wallet": "0xebe3f772ee41217f5f631356d2ab4af00b7d98cf",
    "size_usd": 1036.0,
    "size": 1036.0,
    "outcome": "No",
    "side": "No",
    "price": 0.946
  },
  {
    "timestamp": 1772539483,
    "market_id": "0x92546439b64eb75474e85860546f9b46d5965be9f6b39d834b5d952f25137ec0",
    "market_label": "Will Vin\u00edcius J\u00fanior win the 2026 Ballon d'Or?",
    "wallet": "0xa88acd9a9d30b6d3e326818020135c842ab88976",
    "size_usd": 1130.0,
    "size": 1130.0,
    "outcome": "Yes",
    "side": "Yes",
    "price": 0.04
  },
  {
    "timestamp": 1772539483,
